3104 4650
351 379 494 449 Lemma.
515 377 631 448 'Conus
650 377 835 449 confidenti
855 375 952 468 potest
972 377 1124 468 tanquam
1149 379 1294 466 pyramis
1319 377 1397 444 infi-

399 472 539 536 nitorum
566 470 720 540 laterum.
1240 493 1312 558 pg.a
1335 471 1394 552 46.

350 562 457 628 Thtor.
473 561 506 628 Si
523 564 681 646 pyramis,
696 580 751 629 aut
766 584 865 630 cottus
884 561 1003 630 secetur
1022 560 1116 650 plano
1134 493 1302 649 parallelog
1310 561 1395 662 bafi,

394 670 489 718 erunt
506 677 617 721 omncs
636 652 725 721 redite
743 653 842 721 duaa
859 678 878 722 a
898 653 1018 722 vertice
1032 654 1071 720 ad
1091 653 1186 720 bafim
1206 653 1390 742 proportio·

396 741 513 810 naliter
531 743 569 810 ab
587 745 696 813 eodem
717 743 822 812 seua.
1310 745 1383 809 ibid.

349 833 457 901 Theor.
482 835 512 900 Si
543 835 681 922 pyramis
707 837 825 922 quavis
853 833 975 904 lecetur
1001 834 1097 924 plano
1122 833 1275 923 parallelo
1298 834 1387 914 bafi,

397 925 457 992 erit
485 925 578 994 iedlio
601 925 710 992 similis
727 925 807 992 baii.
1329 947 1389 1010 47.

350 1018 456 1084 Theon
480 1017 511 1083 Si
532 1019 688 1087 avertice
704 1015 877 1103 pyramidis
895 1015 1030 1085 ducatur
1051 1036 1171 1105 utcunq
1176 1041 1215 1084 ue
1235 1018 1268 1084 in
1291 1017 1385 1084 basim

394 1107 499 1184 recia,
522 1107 694 1196 punlium,
719 1107 772 1174 ubi
800 1107 930 1176 sedlioni
962 1106 1116 1196 parallelae
1144 1043 1254 1176 eqadem
1273 1131 1387 1174 occur

395 1199 458 1278 tit,
477 1197 681 1285 &pundlum
697 1195 795 1282 baiis,
816 1217 910 1266 erunt
933 1197 1047 1287 puudla
1071 1193 1385 1286 fimilitttpolitain

396 1245 475 1372 btfi',
499 1289 636 1358 &inse
638 1289 932 1378 bioneparallela.
1329 1309 1387 1373 49.

349 1381 454 1448 Theon
464 1379 632 1468 Propertio
642 1401 803 1469 perimetrt
796 1381 911 1463 ',bafis
923 1381 956 1448 δι
969 1379 1297 1468 ltdiionispatallelae.
1307 1382 1384 1448 ibid.

350 1472 455 1539 Theon
472 1471 638 1559 Propertio
657 1497 735 1540 areae
752 1471 845 1554 bafis,
870 1471 902 1540 dt
924 1472 1069 1542 sedlionis
1089 1471 1260 1560 parallelae.
1333 1493 1384 1560 50.

348 1564 458 1630 Caroli·
482 1565 509 1632 Ι.
533 1567 577 1633 ΙΙ.
603 1563 717 1631 Eadem
733 1564 942 1632 traducuntur
960 1562 997 1630 ad
1018 1563 1170 1630 ledliones
1185 1564 1283 1630 coni.
1333 1585 1385 1652 5¹·

348 1655 454 1725 Theon
478 1655 509 1724 Si
534 1655 601 1722 duae
631 1655 827 1742 pyramides,
854 1673 909 1722 aut
937 1655 1010 1723 coni
1040 1653 1178 1732 eiusdem
1198 1653 1382 1721 altitudinis

394 1745 540 1814 secentur
556 1745 648 1832 plano
668 1745 785 1813 basibus
800 1744 969 1832 parallelo,
988 1745 1022 1812 bc
1038 1744 1071 1810 in
1088 1743 1197 1832 aequali
1213 1745 1252 1810 ab
1268 1743 1386 1812 utrius·

393 1859 455 1922 que
477 1839 616 1915 vertice,
646 1835 697 1905 vel
717 1836 776 1904 bair
795 1837 959 1904 distantia:
986 1855 1080 1902 erunt
1100 1859 1177 1902 arete
1203 1835 1383 1903 sedlionum

396 1924 645 2012 proportionales
661 1926 742 1993 ateis
757 1925 881 1994 suatum
900 1925 1073 2028 respodiive
1089 1926 1225 1992 bairum.
1328 1947 1382 2015 53.

350 2017 458 2086 Theti.
483 2017 562 2084 Duae
583 2017 779 2104 pyramides,
808 2036 862 2083 aut
891 2019 965 2085 coni
993 2017 1161 2104 aequalium
1188 2016 1328 2100 balium,
1351 2017 1386 2084 dt

399 2105 644 2175 altitudinumi
628 2106 866 2198 iuntaequalts.
1333 2129 1386 2198 55.

353 2199 458 2267 Theoi.
485 2199 600 2266 Omnis
619 2197 715 2268 stilio
734 2197 1005 2304 parallelepipedi,
1023 2199 1199 2284 prismatis,
1227 2197 1385 2302 cylindri,
1516 2211 1519 2216 '

399 2291 589 2377 pyramidis,
604 2309 658 2358 aut
680 2293 773 2374 coni,
788 2315 856 2378 qua
873 2290 909 2358 fit
924 2291 983 2358 luae
999 2289 1057 2358 basi
1077 2288 1242 2378 paralleia,
1261 2291 1323 2357 erit
1340 2290 1389 2356 ei-

399 2384 469 2450 dem
491 2381 549 2449 bast
573 2381 699 2449 similis.
1331 2383 1385 2469 56.

348 2471 459 2556 ΙΤύειι.
483 2473 602 2541 Omnia
629 2472 724 2539 solida
750 2471 887 2550 ejusdem
908 2473 1047 2542 nominis
1065 2471 1205 2544 invicem
1224 2493 1386 2557 eompara-

400 2583 449 2645 ta,
467 2564 638 2646 nimitum,
658 2560 934 2649 parallelepipeda,
956 2565 1124 2650 pristntta,
1144 2563 1303 2648 cylindri,
1321 2585 1383 2647 py-

398 2653 616 2736 ramides,aut
632 2654 729 2737 coni,
753 2652 919 2740 aequaliunr
942 2654 1077 2738 bairum,
1095 2654 1129 2722 de
1148 2653 1381 2735 altitudinum,

400 2742 470 2813 sunt
493 2745 644 2832 aqualia,
657 2745 719 2813 live
739 2745 821 2812 recia
841 2769 877 2813 ea
895 2745 974 2830 sint,
988 2746 1049 2814 five
1069 2745 1215 2832 obliqua.
1307 2745 1385 2810 ibid.

353 2834 460 2902 There.
483 2833 589 2905 Solida
607 2833 883 2922 parallelepipeda,
902 2837 935 2904 δι
956 2837 1103 2922 prismata
1117 2833 1284 2922 aequalium
1308 2833 1384 2901 alti·

402 2927 571 3010 tudinum,
591 2927 682 3010 lunt,
695 2947 730 2994 ut
751 2928 855 3010 bases,
874 2928 907 2996 &
925 2925 1261 3014 quaehabenttequales
1277 2927 1384 3007 bases,

401 3015 493 3100 lunt,
515 3037 549 3086 ut
572 3017 777 3086 altitudines
1333 3040 1383 3104 57.

353 3107 460 3174 Theai.
483 3108 515 3176 si
543 3107 704 3202 cylindrus
732 3107 826 3195 plano
852 3111 974 3179 secetur
992 3109 1109 3180 advers
1111 3133 1125 3177 s
1144 3107 1263 3176 basibus
1283 3111 1385 3195 paral-

400 3197 483 3283 lelo,
501 3216 594 3266 erunt
616 3199 751 3284 cyltndrt
769 3201 948 3288 segmenta
971 3203 1020 3269 utt
1041 3202 1201 3291 segmenta
1218 3223 1305 3268 axis
1334 3203 1386 3288 58.

353 3289 460 3357 Theor
483 3291 588 3358 Omne
604 3291 718 3380 prisma
737 3289 929 3380 polygonum
946 3292 1045 3360 dividi
1066 3293 1189 3380 potest
1182 3316 1215 3358 tn
1235 3291 1387 3378 prismata

351 3380 626 3542 Tbtebidngilbdbb
630 3474 786 3560 prismatis
805 3492 905 3560 aequet
925 3473 1009 3542 bases
1026 3497 1139 3543 omnes
1158 3473 1298 3562 plurium
1314 3383 1390 3538 ibii-

401 3583 513 3632 norum
535 3564 717 3650 prismatum
735 3565 789 3631 sub
803 3567 911 3633 eadem
932 3566 1123 3648 altitudine,
1153 3567 1254 3632 etiam
1284 3563 1389 3630 solidi·

404 3671 450 3720 tas
480 3655 638 3742 prismatis
660 3655 795 3743 aequabit
815 3655 1005 3726 soliditatem
1025 3657 1222 3744 reliquorum
1243 3656 1387 3722 omniunt

1242 3746 1344 3822 smel
