3110 4662
17 373 18 382 ‘
126 405 221 463 tuor
267 378 388 462 libros
430 374 598 491 anguste
638 376 828 492 congessit
874 377 1095 486 Euclides,
1140 383 1182 468 in

17 499 18 504 ‘
129 497 293 612 septem
332 497 540 582 elementa
582 493 650 579 lib.
696 523 758 601 1.‚
800 494 864 580 sed
899 499 1182 613 pedetentim,

17 673 18 682 κ
130 618 369 730 patriaeque
408 611 670 728 digeffimus.
735 617 799 698 Ac
841 619 975 728 primo
1012 621 1052 704 in
1093 619 1182 732 ipfis

130 732 434 850 prolegomenis
460 729 713 815 definitiones
743 732 793 816 ad
823 735 1051 822 universam
1079 742 1182 820 Geo-

29 863 33 870 '
141 855 329 936 metriam
373 850 659 964 pertinentes,
700 877 869 935 numero
900 882 1070 968 paucas,
1110 853 1180 938 usu

17 979 18 1056 ζ
144 967 368 1054 necessarias
410 967 602 1050 moroslus
643 965 921 1054 vastavimus·
981 975 1095 1058 Nam
1138 972 1180 1056 in

142 1089 273 1191 omni,
304 1115 392 1201 quae
425 1083 555 1188 resle,
595 1085 801 1170 &ordine
830 1089 1033 1194 tradatur,
1074 1089 1181 1176 insti·
1262 1131 1264 1136 ·

142 1208 325 1310 tutione,
366 1205 448 1287 hac
480 1201 536 1288 est
568 1203 698 1314 prima
728 1205 945 1318 patesa6li0
982 1207 1092 1320 quast
1123 1236 1180 1291 re·

138 1351 225 1407 rum
277 1347 551 1436 opertarum,
599 1349 692 1405 cum
743 1323 840 1434 quid
895 1325 1076 1440 quidque
1130 1325 1178 1411 stt

138 1442 339 1554 aperitur.
388 1441 637 1525 Curavimus
675 1463 811 1526 tamen
854 1469 905 1526 ne
938 1441 1177 1556 quibusdam

21 1565 26 1574 ’
137 1583 298 1644 tantum
331 1557 545 1660 formulis,
589 1555 715 1669 iisque
748 1557 981 1646 brevissimis
1013 1583 1099 1646 rota
1130 1586 1177 1646 ea

133 1705 192 1762 res
231 1701 455 1793 ageretur,
495 1673 562 1760 sed
602 1675 786 1762 universa
827 1678 1023 1764 minutius
1051 1677 1186 1764 etiam

136 1797 412 1880 concidimus.
463 1794 557 1879 Vidi
588 1795 726 1901 enim,
754 1800 794 1882 8<
825 1794 959 1910 saepius
989 1821 1178 1912 expertus

137 1912 219 1998 lum
254 1915 408 2027 quanti
447 1911 601 1997 inretsrt
640 1913 821 2029 linguam
862 1919 1177 2001 Geometrarum

140 2033 410 2117 vernaculam
445 2031 624 2143 apprime
655 2031 787 2135 nosse,
827 2060 878 2116 ne
908 2033 1179 2148 ambiguitate

142 2177 284 2234 vocum
319 2151 363 2232 in
397 2147 655 2232 theorematis
686 2148 1081 2262 pleriquenutent,
1121 2177 1178 2234 re·

140 2291 288 2352 vocent
319 2267 362 2351 le
390 2267 624 2369 interdum,
653 2265 1039 2388 iisquefimbecillius
1060 2263 1181 2351 allen·

141 2387 311 2470 tiantur.
375 2387 528 2496 Neque
563 2383 642 2468 huc
675 2390 812 2470 tamen
844 2411 1008 2470 omnem
1041 2383 1180 2468 defini·-

143 2503 293 2587 tionum
328 2500 477 2587 struem
500 2502 782 2618 congessimus,
813 2501 877 2586 sed
900 2525 1098 2615 quantum
1123 2499 1179 2586 sa·

144 2621 186 2704 tis
214 2647 303 2706 erar
333 2621 759 2737 ad‘progrecliendum
791 2621 1007 2734 expedire,
1024 2625 1074 2704 ¹&
1099 2617 1178 2704 sine

148 2737 313 2824 sarcina.
389 2739 588 2851 Reliquas
627 2739 835 2824 elementis
876 2738 1035 2854 fingulis
1076 2763 1179 2822 tarn·
1305 2750 1308 2766 “

20 2881 26 2895 ·
150 2881 256 2966 quam
285 2859 395 2943 levis
428 2882 640 2942 armatura
672 2858 821 2943 milites
854 2855 1135 2969 premisimus.

248 2981 295 3060 In
327 2977 480 3091 primis
500 2997 636 3061 autem
658 2974 812 3089 septem·
833 2975 1063 3078 elementis,
1091 2999 1178 3084 qua

150 3086 245 3173 libro
278 3097 416 3207 primo
436 3119 439 3128 ’
463 3091 769 3207 εοιηρίεᾶἰωιπ
788 3111 827 3199 ,²
842 3093 949 3178 hunc
984 3091 1177 3175 'ordinem

149 3205 427 3296 securisumus
461 3236 611 3295 natura
641 3212 819 3298 maxime
843 3210 1177 3295 consentaneum.

151 3325 346 3413 Elemento
389 3329 535 3444 primo
560 3326 778 3444 simplicem
811 3327 1102 3422 consideramus
1131 3328 1177 3410 li·

151 3466 297 3531 nearum
327 3445 575 3552 occursum,
604 3446 849 3562 angulosque
880 3443 1176 3530 subnascentes.

146 3561 317 3650 Proxime
356 3564 553 3679 sequitur
591 3565 787 3650 reslarum
829 3591 1054 3677 numquam
1085 3589 1178 3645 con·

143 3683 421 3790 currentium,
475 3707 572 3796 quas
601 3683 809 3882 qarallelas
840 3708 1019 3789 vocant,
1063 3679 1177 3812 theo·

674 3831 693 3910 3
1041 3825 1119 3884 rra.
