3054 4662
362 455 467 526 Theon
492 451 524 520 Si
548 455 639 520 ett'ra
654 447 831 530 circulum,
859 445 911 518 vel
926 445 959 512 in
975 443 1039 531 ipsa
1055 443 1327 516 circumferentia
1345 451 1413 518 ‘cir-

406 543 491 627 culi,
517 541 567 610 vel
598 543 630 606 in
654 540 796 622 circulo,
820 538 957 626 quodvis
985 536 1071 602 aliud
1091 561 1108 603 a
1128 561 1244 606 centro
1264 543 1413 629 accipia-

405 656 459 704 tur
485 633 656 722 punclunr‚
685 655 703 700 a
729 655 794 720 quo
822 631 912 700 rena
928 629 1031 716 plures'
1051 629 1083 693 in
1103 630 1415 702 circumferentiam

404 727 537 794 cadant:
565 725 591 790 1.
618 725 763 790 Maxima
793 724 885 803 erit,
913 743 982 808 quae
1004 743 1060 806 per
1089 742 1239 789 centrum
1270 724 1412 807 tranfit;

404 819 451 884 11.
478 816 624 884 Aliarum
647 815 750 894 maior
777 815 819 882 est
844 811 920 894 illa,
944 809 1033 892 cuius
1058 813 1247 881 extremitas
1275 818 1327 882 est
1344 841 1412 904 pro-

404 910 475 996 pior
489 906 686 976 extremitati
703 905 867 973 maximae.
913 903 955 971 Et
971 903 1149 989 reciprocd.
1171 925 1244 994 pag.
1266 926 1333 990 7¹0.
1359 931 1411 994 7¹·

359 1003 467 1072 Coroll.
494 1003 519 1068 l.
544 999 576 1066 Si
606 999 673 1064 duae
696 997 786 1065 retia
817 997 988 1064 abeodem
1018 994 1155 1079 pundo,
1180 998 1268 1083 quod
1286 1023 1362 1066 non
1377 999 1410 1068 lit

405 1111 573 1167 centrum,
588 1089 625 1156 ad
647 1087 937 1156 circumferentiam
958 1085 1078 1168 duciae,
1097 1086 1154 1154 frnt
1174 1089 1344 1174 aequales,
1360 1113 1412 1158 ea·

405 1206 475 1250 rum
499 1181 719 1250 extremitates
736 1199 830 1249 erunt
850 1176 1013 1267 acqualiter
1027 1179 1136 1244 diffitae
1149 1179 1190 1245 ab
1209 1185 1412 1249 extremita-

405 1293 437 1341 te
458 1272 548 1341 reeta
568 1271 759 1339 transeuntis
776 1293 830 1358 per
847 1293 1013 1338 centrum.
1047 1271 1087 1336 Er
1113 1274 1297 1356 reciproce.
1357 1297 1411 1358 72.

360 1367 470 1436 Coroll-
496 1367 540 1432 Π.
566 1363 649 1429 fieri
675 1385 751 1450 ergo
780 1373 843 1428 non
871 1361 990 1447 potest,
1015 1380 1049 1426 ut
1075 1361 1244 1429 abeodem
1261 1365 1410 1449 panno,
1514 1405 1516 1408 ·

404 1455 488 1542 quod
517 1477 580 1520 non
607 1453 642 1521 fit
672 1473 840 1538 centrum,
862 1452 900 1520 ad
916 1451 1208 1521 circumferentiam
1227 1475 1295 1522 tres
1315 1457 1410 1523 reela

360 1543 758 1708 Coiirllialelsldlssiairididd
770 1591 813 1704 est
841 1635 988 1703 omnium
1013 1633 1203 1703 chordarum
1233 1550 1410 1706 maxiiridd.

407 1729 446 1794 Et
464 1727 643 1812 reciprntd.
1354 1755 1408 1817 73.

359 1819 466 1890 There.
491 1819 647 1884 Omnium
679 1817 856 1902 retiatum,
881 1841 948 1905 quae
971 1841 989 1884 a
1013 1817 1152 1905 pundo,
1173 1820 1260 1906 quod
1283 1823 1410 1889 nonsit

405 1917 582 1990 centrum,
616 1907 649 1974 in
671 1909 971 1977 'circumferentiam
999 1910 1144 1990 cadunt,
1175 1913 1319 1979 minima
1345 1915 1412 1996 eli,

360 2023 471 2162 ill?
488 1997 637 2158 llll:
651 1999 1409 2183 ‘allatidlffilalzfilitiani:

405 2182 485 2264 etis,
512 2180 668 2248 circulum
684 2181 785 2250 secat.
1331 2189 1409 2256 ictu.

362 2277 472 2346 Coroll-
498 2276 524 2342 Ι.
548 2274 701 2364 Tangcns
715 2272 983 2342 circumferentiae
997 2275 1137 2344 occurrit
1157 2275 1191 2342 in
1213 2277 1314 2344 unico
1325 2303 1408 2364 pun-

407 2364 483 2434 clo.
1376 2375 1409 2434 6.

363 2458 474 2524 Coroll.
501 2461 545 2524 Π.
571 2455 711 2523 Reclaa
738 2475 851 2524 centro
874 2456 912 2524 ad
928 2457 1079 2545 punflum
1101 2459 1269 2527 contaflus
1288 2393 1410 2546 dubia,

408 2547 553 2632 tangenti
576 2545 841 2632 perpendicularis
860 2549 921 2616 est.
1351 2577 1409 2638 77.

362 2640 472 2709 Coroll.
499 2641 560 2705 tlt.
587 2637 707 2718 Retia,
730 2660 799 2725 quae
815 2661 832 2704 a
851 2657 963 2706 centro
982 2639 1286 2725 perpendiculariter
1307 2643 1411 2711 duca-

407 2747 460 2794 tur
474 2727 511 2794 ad
529 2747 735 2816 tangentem,
753 2729 862 2798 tranlit
879 2753 933 2815 per
948 2729 1098 2817 pundlum
1115 2733 1305 2800 conradus.
1332 2738 1409 2803 ibid.

361 2820 474 2890 Coroll.
506 2820 553 2888 W.
591 2823 623 2886 T
625 2843 743 2907 angens
772 2823 933 2909 reciproce
960 2822 1224 2912 perpendicularis
1248 2824 1351 2893 radio
1377 2829 1409 2893 in

409 2909 526 2996 pundlo
543 2911 724 2978 conracius.
1354 2923 1410 3004 78.

363 3003 471 3076 Caroli.
496 3005 529 3068 V.
554 3002 595 3069 Et
617 3004 775 3087 reciproce
795 3003 896 3084 recta,
923 3026 992 3091 quae
1016 3003 1327 3092 perpendiculariter
1352 3011 1412 3076 du-

408 3112 500 3161 catur
523 3093 560 3162 ad
585 3094 822 3162 extremitatem
844 3095 945 3178 radii,
971 3115 1081 3184 tanget
1101 3095 1282 3164 circulum.
1331 3103 1411 3167 ibid.

362 3183 469 3261 Theon
492 3185 524 3250 Si
545 3183 627 3250 recia
648 3185 970 3272 perpendiculariter,
996 3187 1030 3254 δι
1049 3187 1194 3256 bifariam
1213 3187 1300 3256 lecet
1318 3191 1415 3258 chor-

406 3275 502 3355 dam,
528 3275 553 3342 1.
578 3275 643 3344 huc
673 3277 817 3346 tranfibit
848 3299 903 3366 per
930 3299 1102 3362 centrum3
1127 3279 1174 3346 ll.
1196 3280 1233 3348 dt
1257 3279 1415 3351 bifariam

407 3365 524 3435 secabit
539 3389 665 3434 arcum.
1272 3377 1332 3458 78.
1360 3395 1416 3460 79.

362 3457 473 3526 Caroli.
497 3461 523 3525 Ι.
553 3461 596 3526 ll.
622 3457 733 3542 Hinc,
756 3459 777 3528 fi
802 3458 885 3528 reela
908 3462 1030 3548 quetis
1058 3461 1136 3529 duas
1156 3461 1271 3530 habeat
1299 3487 1343 3532 ex
1364 3467 1415 3532 his

406 3565 545 3634 quatuor
564 3548 831 3637 proprietatibus,
857 3552 1031 3636 nimirum,
1059 3553 1086 3618 Ι.
1104 3553 1245 3620 transeat
1264 3579 1324 3642 per
1338 3581 1414 3624 cen·

408 3656 517 3724 tranat
542 3637 587 3714 11:
610 3641 879 3731 perpendicularis
905 3643 942 3714 fit
972 3643 1119 3728 chordrt;
1150 3645 1214 3712 ΙΙΙ.
1241 3645 1329 3715 lecet
1361 3673 1412 3716 ar·

1252 3763 1362 3832 cunr,
