3134 4658
396 373 552 444 Erana
576 371 635 442 11·.
671 373 886 450 L'ta.III.
931 404 934 412 ’
1037 399 1109 476 373

405 569 759 645 Pnontama
806 575 892 647 HL

123 794 215 871 535.
313 777 452 872 lgutan
485 769 666 872 crastinam
699 772 925 872 multiplum·
948 782 998 851 δ’
1017 772 1162 875 fimiscm
1297 846 1304 858 .
1342 846 1346 856 .

330 871 456 972 figm*
478 873 568 945 dm
593 873 647 944 x·
795 931 798 940 .
1039 881 1044 948 ζ
1198 847 1394 940 ΙΜιιῐῑιρῑιεη-

223 973 416 1074 Resolutio.
441 970 479 1045 si
505 973 615 1071 ligura
634 971 808 1072 proposita
828 973 1098 1074 multiplicanda
1118 973 1159 1050 fit
1182 949 1242 994 Μ’

123 1097 188 1173 per
217 1096 405 1148 numerum
439 1071 643 1170 integrum,
676 1092 790 1171 puta,
825 1097 870 1169 3,
906 1073 1160 1176 multiplicatio

123 1196 319 1248 revocatur
337 1173 380 1246 ad
402 1171 647 1262 additionem,
676 1193 715 1244 ut
732 1173 769 1246 in
795 1173 993 1268 Probl.1.;
1021 1173 1070 1248 sui
1099 1200 1161 1248 au·

124 1292 202 1345 tem
231 1271 500 1386 multiplicanda
529 1270 571 1346 srt
597 1273 633 1345 in
659 1272 785 1373 quavis
809 1273 880 1346 alia
898 1274 1063 1366 ratione,
1082 1299 1158 1376 qua

124 1371 283 1447 numeris
302 1394 410 1450 ceram
432 1371 587 1471 exprimi
608 1397 679 1472 pon
700 1371 823 1472 possit:

225 1475 387 1547 Ducatur
410 1470 508 1546 redla
533 1468 720 1547 indefinita
748 1474 838 1561 BZ,
865 1471 901 1546 in
932 1497 1001 1572 qua
1026 1499 1046 1546 a
1071 1497 1159 1574 quo·

120 1571 179 1646 vis
199 1571 330 1673 pundlo
349 1573 387 1646 D
405 1570 586 1646 excitetur
606 1569 903 1671 perpendicularis
919 1574 1031 1666 Ι)Α;Ι
1051 1571 1159 1646 suma-

121 1693 251 1774 turque
270 1697 336 1774 pro
354 1670 462 1745 libito
477 1667 597 1770 portio
616 1672 716 1762 BD,
745 1696 820 1774 qua
839 1670 1045 1770 respondeat
1065 1671 1155 1744 data

120 1772 262 1871 ligura.
323 1773 405 1846 Fiat
435 1769 562 1846 deinde
591 1772 674 1844 BC
704 1769 802 1872 aqud
829 1770 933 1846 multi
958 1771 1019 1846 lex
1053 1770 1155 1871 ipsius

119 1874 222 1962 BD,
245 1894 286 1944 ac
315 1869 457 1973 quaesita
488 1871 599 1969 figura
629 1870 820 1970 multiplex
846 1871 911 1946 elle
930 1799 1057 1945 debeat
1078 1897 1156 1970 pro-

169 1970 240 2045 sitae
267 1970 386 2069 figurae
416 1974 474 2063 X3
508 1992 584 2044 tum
613 1967 712 2070 super
740 1968 837 2043 reela
866 1973 961 2061 BC,
989 1993 1157 2071 tanquam

121 1997 323 2161 diametro,
350 2070 565 2146 describatur
596 2069 855 2160 semicirculus,
907 2069 941 2142 ui
971 2069 1157 2170 perpendi-

120 2169 234 2246 culari
255 2169 449 2243 indefinita
471 2171 552 2246 DA
571 2189 734 2246 occurrat
756 2166 793 2242 in
814 2194 883 2269 pun
919 2195 945 2242 o
963 2175 1021 2262 A3
1046 2194 1158 2270 aquo

120 2271 163 2344 ad
194 2267 444 2344 extremitates
474 2268 640 2343 diametri
673 2268 847 2343 ducantur
884 2267 1021 2342 chordae
1053 2271 1157 2360 AB,

120 2374 220 2463 AC,
242 2395 323 2472 qua
340 2369 475 2444 redium
495 2369 661 2468 angulum
679 2367 835 2448 efficient
854 2366 891 2444 in
909 2372 962 2440 Α.
991 2366 1156 2469 Denique

119 2469 218 2570 super
248 2469 382 2544 chorda
411 2473 507 2564 ΑΒ,
533 2495 610 2572 qun
640 2467 757 2567 vergit
783 2465 902 2543 vereda
920 2469 998 2540 BD
1015 2465 1156 2566 respon·

119 2569 265 2644 dentem
295 2567 386 2644 date
416 2571 558 2670 figura,
596 2569 751 2646 sumatur
777 2565 1156 2670 Aanurlisretloe

118 2671 212 2743 MN
232 2667 384 2760 ejusdem
404 2671 494 2744 data
515 2671 632 2766 ligure
649 2673 681 2742 X
691 2691 705 2762 3
720 2665 937 2770 ducaturque
954 2670 1024 2743 EF
1040 2667 1156 2768 paral-

119 2770 189 2843 lela
208 2769 388 2844 diametro
405 2773 498 2844 BC.
517 2771 611 2844 Dico
630 2767 764 2844 reslam
784 2769 854 2840 EF
869 2794 890 2842 a
905 2767 1037 2842 duabus
1053 2767 1155 2839 chor·

121 2869 174 2944 dis
193 2867 453 2970 interceptam,
480 2869 554 2944 sore
579 2870 672 2943 latus
689 2871 806 2966 figura
835 2865 1005 2970 quaesita,
1032 2864 1154 2939 homo·

122 2969 492 3070 legumlatorem
509 2967 700 3072 ptepofitae
723 2969 843 3067 figura
869 2971 923 3074 tn..
1031 3035 1038 3046 ,

231 3648 286 3728 Μ
359 3645 469 3732 Ν..

562 3827 701 3971 ar}
809 3821 815 3832 ’
873 3820 877 3831 ’
1031 3801 1129 3950 oe.¹
