3110 4662
244 342 338 424 Hac
371 361 454 447 ego
487 331 756 438 offendicula,
798 331 1008 448 metasque
1039 337 1181 451 prasti-

19 451 21 472 '
133 460 219 574 gias
247 451 486 570 prepostero
518 453 815 540 elementorum
852 454 984 539 ordini
1024 457 1182 572 semper

134 575 360 662 tribuendas
388 570 519 674 duxi,
555 601 678 686 quem
713 601 793 656 non
824 572 950 656 alium
976 573 1182 661 observari

135 699 190 780 ab
208 693 365 779 Euclide
386 689 607 803 prospexi,
636 719 760 804 quam
781 691 851 804 qui
874 690 1047 806 rigidum
1077 695 1181 778 Geo-

139 837 309 897 rnerram
338 811 539 914 deceret,
579 811 731 922 quique
761 811 929 894 idoneus
968 809 1093 913 esset,
1134 837 1180 898 ut

143 931 219 1014 alia
244 959 289 1014 ex
306 929 389 1013 aliis
411 929 522 1011 inter
544 926 582 1011 se
602 953 722 1041 apta,
752 930 792 1012 8(
807 956 990 1013 connexa
1011 929 1181 1016 deduce·

142 1073 280 1132 rentur
307 1049 586 1148 theoremata,
611 1046 660 1131 ad
691 1046 1043 1132 demonstrandum
1064 1050 1182 1155 latis,

140 1167 186 1250 ad
221 1169 444 1250 docendum
478 1193 642 1275 parum.
675 1165 799 1279 Quod
831 1167 902 1248 nisu
933 1167 1059 1250 ctiam
1079 1196 1103 1252 a
1125 1165 1146 1250 s
1163 1215 1181 1236 -

140 1285 386 1396 pientissimis
422 1281 539 1393 hujus
574 1282 646 1369 avi
678 1284 906 1368 Geometris
943 1282 1079 1398 sapius
1112 1287 1181 1370 ob·

138 1401 341 1486 servatum
357 1399 559 1516 legissem,
586 1401 804 1486 vix-dicere
821 1402 1033 1488 auderem.
1064 1405 1181 1490 Nam
1199 1433 1206 1460 ⁸

138 1519 205 1604 illa
241 1519 347 1634 ipsa,
375 1547 462 1632 qoae
492 1519 594 1602 adeo
619 1522 854 1605 exanimant
885 1520 1180 1628 adolescentes,

140 1641 396 1724 theoremata
418 1637 520 1720 nihil
541 1638 764 1751 quidquam
792 1639 1039 1725 difficultatis
1059 1642 1180 1725 habe·

139 1785 255 1862 rent,
298 1755 323 1840 s1
355 1787 377 1841 a
409 1754 714 1870 simplicioribus
746 1757 1009 1844 theorematis
1039 1757 1180 1844 sensum

139 1875 364 1990 progressi,
405 1902 621 1977 mentem,
660 1903 706 1960 ac
748 1877 998 1990 phanraham
1042 1878 1180 1990 paullo

140 2021 228 2076 ante
258 1991 521 2076 exercuissent
539 2019 600 2076 tot
622 1996 778 2107 angulis
802 1995 1097 2107 concipiendis,
1122 2019 1181 2094 ατς

141 2141 213 2225 que
230 2113 344 2196 inter
357 2109 397 2195 se
411 2111 708 2224 comparandis.
740 2108 878 2223 Quid?
908 2117 1040 2195 Totus
1054 2140 1184 2224 quan·

140 2257 199 2314 tus
226 2229 289 2314 est
320 2231 498 2314 Euclidic
518 2231 618 2314 liber
641 2229 831 2314 secundus
852 2257 977 2341 quam
998 2229 1183 2316 molestus

142 2350 299 2433 accidat
330 2348 552 2433 Tironibus
584 2377 705 2434 nemo
736 2375 816 2434 non
850 2347 981 2433 videt.
1029 2350 1183 2434 Sin-ao·

146 2467 323 2552 remilla
358 2465 709 2582 reilangulorum,
739 2467 1097 2578 &quadratorum
1130 2493 1182 2552 ex

147 2587 261 2670 variis
304 2585 506 2668 lineatum
539 2581 754 2702 segmentis
784 2582 935 2694 objecta
968 2583 1115 2697 species
1139 2586 1182 2670 in

146 2703 262 2788 alium
296 2701 433 2787 locum
467 2705 734 2818 opportunius
764 2701 905 2814 rejedla
938 2701 1089 2808 suisset,
1113 2731 1185 2788 eo·

150 2849 225 2906 rum
256 2821 479 2936 phantasia
510 2851 592 2906 non
621 2823 720 2906 adeo
754 2823 819 2908 vel
851 2822 1075 2934 impedita,
1117 2821 1183 2906 vel

150 2941 300 3025 obscura
336 2941 572 3025 videretur.
630 2940 752 3024 Nihil
783 2964 884 3053 opus
916 2941 970 3026 ell
1005 2941 1185 3054 reliquos

150 3055 263 3139 libros
291 3085 638 3144 commemorare.
952 3081 955 3088 ’

260 3179 378 3290 Quod
413 3176 440 3260 st
477 3206 558 3289 qua
589 3177 693 3262 ratio
721 3175 775 3260 ell
797 3176 959 3260 terroris
979 3175 1094 3286 hujus
1116 3173 1184 3261 vel

151 3292 305 3380 tollendi
335 3295 526 3413 prorsus,
558 3295 623 3380 vel
657 3295 888 3398 minuendi,
918 3295 1016 3407 quid
1039 3296 1091 3379 est
1109 3320 1184 3379 cur

23 3499 24 3512 q
151 3412 304 3499 noluuus
335 3443 519 3517 eorum,
559 3414 628 3526 qui
656 3413 898 3500 Geomettiae
925 3411 1087 3528 posthac
1116 3411 1185 3498 da·

148 3531 224 3612 tori
255 3531 337 3622 sunt
373 3559 585 3649 operam,
617 3533 681 3616 vel
714 3533 891 3617 laborem
923 3535 1084 3635 levare,
1117 3531 1184 3614 vel

25 3671 37 3693 ·
143 3641 286 3736 sallidio
312 3646 568 3742 occurrere?
597 3653 692 3765 Qua
724 3651 766 3736 in
797 3679 839 3736 re
866 3649 994 3735 habeo
1017 3679 1096 3734 non
1117 3647 1184 3733 ad·

615 3769 640 3852 b
674 3796 695 3854 2
763 3827 774 3842 .
1007 3767 1127 3880 stipu-
