3054 4662
153 416 391 508 proportionem
413 431 578 484 mutuam.
972 433 1044 505 pag.
1070 435 1143 504 ¹54·

108 513 209 580 Probl.
231 511 361 576 Linenm
381 507 578 588 construere,
597 505 659 572 hoc
677 503 739 587 ell,
765 504 948 587 modulum,
964 506 1065 594 vulgi>
1083 511 1146 574 Ca·

153 605 247 683 libro,
270 601 324 686 qui
346 599 412 664 usui
433 597 467 663 fit
487 597 525 662 ad
543 597 756 685 cognoscenda
776 597 899 665 diversa
921 598 1160 684 ponderatione-⁸

30 697 35 764 l
152 691 295 780 qualium
326 689 460 776 pilarum
487 687 682 771 ferrearum,
707 711 775 774 quae
794 711 811 756 a
831 689 1003 756 tormentis
1021 687 1145 755 bellicis

151 782 280 869 explodi
310 780 433 864 solent.
1067 781 1144 846 idid.

104 876 208 944 Probi.
234 871 401 958 Propofitis
430 870 592 958 quotlibet
624 870 731 938 solidis
759 869 940 953 fimilibus,
967 869 1145 938 construere

30 975 33 1042 l
152 985 250 1032 unum
270 963 418 1029 omnibus
438 963 577 1050 aequale,
604 960 769 1030 &finito
1072 982 1145 1050 1¹55·

30 1097 33 1136 Ι
105 1057 209 1124 Probl.
230 1053 322 1121 Datis
339 1053 460 1120 duobus
482 1053 588 1120 solidis
608 1053 779 1138 fimilibus,
801 1053 835 1122 δι
850 1051 1076 1138 inaequalibus,
1094 1055 1146 1118 in-

30 1145 33 1198 ἷ
152 1145 263 1213 uenire
279 1142 364 1210 aliud
380 1143 516 1212 solidum
539 1144 654 1214 eisdem
673 1144 793 1229 limile,
812 1145 847 1213 δι
863 1143 979 1231 aequale
994 1139 1144 1211 datorum

150 1235 362 1303 differentiae.
1026 1257 1028 1262 ·
1069 1237 1144 1325 138.

103 1330 206 1396 Probi.
234 1328 324 1393 Inter
345 1326 420 1394 duas
439 1325 527 1396 datas
548 1326 647 1396 lineas
672 1327 820 1398 invenite
842 1326 918 1396 duas
939 1326 1056 1394 medias
1076 1349 1147 1412 pro·

148 1417 364 1506 portionalts.
1063 1419 1139 1486 ibid.

437 1512 606 1579 Detlinea
628 1513 807 1580 Metallira.

106 1602 210 1672 Probl.
229 1601 361 1669 Lineam
376 1600 570 1670 metallicam
590 1603 805 1670 instrumento
819 1599 1010 1669 inscribere.
1072 1621 1145 1690 139.

106 1695 210 1761 Probl.
237 1695 323 1759 Dato
348 1693 444 1781 globo
468 1693 561 1760 unius
583 1691 726 1775 metalli,
749 1693 876 1780 ejusque
897 1693 1073 1776 diametro,
1096 1693 1147 1758 in-

151 1784 264 1852 venire
283 1783 382 1854 ulium
403 1782 574 1864 cujuslibet
590 1783 721 1852 alterius
742 1783 863 1854 metalli
883 1783 1021 1872 pondero
1044 1806 1148 1870 aqua-

153 1874 236 1942 lem.
552 1914 554 1922 ,
1074 1879 1156 1942 ιόι.Ι

106 1969 209 2034 Probi.
229 1966 379 2034 Invenire
391 1945 629 2056 proportionem
638 1966 919 2052 metalloruquoad
930 1967 1061 2056 pondus.
1072 1969 1148 2034 ibid.

107 2059 209 2126 Probi.
236 2058 322 2126 Dato
343 2060 458 2146 quovis
479 2084 631 2144 corpote,
653 2060 704 2128 vel
720 2057 875 2124 artefatlo
889 2081 927 2126 ex
947 2061 1075 2139 lianno,
1094 2056 1148 2129 vel

153 2171 192 2216 ert
213 2149 346 2217 materia
361 2149 502 2229 cujusvis
523 2172 561 2216 ex
579 2150 627 2216 sex
643 2148 801 2228 metallis,
827 2147 973 2216 invenire
991 2169 1149 2234 quantum

152 2237 1148 2418 {lilllllsfltllllllllll‘’llllll‘lllll

386 2377 396 2414 2
813 2373 823 2411 2
1135 2366 1151 2381 ⁸

153 2421 230 2488 fito.
1075 2426 1149 2488 162.

108 2515 211 2582 Probl.
236 2514 383 2582 Duorum
416 2523 584 2602 corporum
614 2511 772 2582 fimiliurn
789 2540 827 2586 er
854 2513 983 2584 diversis
1011 2513 1152 2582 metallis*

153 2606 302 2674 invenire
330 2605 486 2674 rationem
512 2606 707 2692 ponderum,
731 2607 812 2676 datis
828 2631 938 2679 eorum
962 2607 1147 2687 diainetris,

30 2709 31 2712 ’
153 2715 208 2762 aut
228 2692 379 2762 lateribus
393 2695 592 2784 homologis.
1074 2703 1146 2783 163.

30 2783 32 2878 ζ
109 2789 211 2856 Probl.
236 2786 330 2852 Datis
359 2787 519 2873 pondere,
550 2789 584 2855 δι
611 2787 768 2856 diametro
796 2789 938 2876 sphaetae,
970 2807 1025 2856 aut
1049 2787 1148 2855 latero

30 2881 32 2902 '
156 2875 328 2955 cujuslibet
353 2877 483 2946 alterius
512 2880 653 2965 corporis
676 2903 715 2946 ex
742 2889 854 2968 quavis
874 2882 924 2947 l'ex
942 2877 1145 2946 metallorum

30 3051 31 3068 ἵ
156 2967 256 3053 speeie
274 2969 426 3052 conflati,
453 2970 600 3038 invenire
619 2971 831 3054 diametrum,
857 2991 915 3039 aut·
929 2971 1011 3036 latus
1032 2967 1150 3036 homo-'

30 3081 31 3088 ¹
157 3057 266 3145 logum
302 3059 434 3128 alterius
457 3061 601 3147 corporis
625 3061 733 3130 similis
758 3085 797 3130 ex
828 3063 978 3150 quopiam
1009 3061 1147 3129 alioruin

158 3150 298 3236 quinque
313 3150 515 3219 metallorum
531 3199 541 3236 ,
559 3153 644 3240 quod
661 3152 696 3220 fit
714 3155 861 3242 ponderis
879 3153 966 3222 dati.
1076 3155 1147 3236 164.

324 3309 502 3398 Differentio
518 3311 555 3377 de
567 3311 710 3378 Methodo
724 3313 925 3380 Geometrica.

393 3425 596 3523 DeMethollo
612 3447 870 3536 Exhaustionnm.
947 3465 950 3474 ’

30 3655 33 3670 .
113 3607 236 3674 Lemma
260 3606 287 3670 I.
312 3603 538 3689 Quantitates,
563 3625 598 3674 ut
616 3607 881 3693 &quantitatum
897 3607 1056 3692 rationes,
1079 3630 1147 3694 quae

37 3788 38 3795 ἵ
159 3693 198 3763 ad
226 3693 438 3784 aqualitatem
468 3715 610 3786 tempore
631 3699 747 3786 quovis
766 3699 862 3769 finito
879 3701 1058 3770 constanter
1077 3720 1148 3767 ten·

986 3789 1100 3883 dunt,
