3134 4658
488 337 561 434 318
646 337 843 410 Pnnxte
869 339 1244 434 Guommtco

535 435 674 512 Deinde
696 436 893 537 conspicitur
909 431 1019 534 sulori
1043 431 1234 534 epistylium
1257 433 1340 506 CD
1366 432 1462 532 cylin-

285 557 287 566 '
435 534 587 628 olricum,
621 530 724 636 baſsm
747 535 940 633 supremam
980 533 1104 606 babens
1131 532 1268 629 pedalis
1291 533 1462 626 diametri,

434 635 484 714 Θ·
507 632 685 737 oraffitiem
705 635 826 730 pollice
851 635 1030 730 majorem,
1056 633 1255 730 or‘rripoctts
1268 659 1383 728 genua
1399 659 1464 708 con·

434 733 567 826 tinelli,
592 733 658 834 o'pfi
681 734 835 833 eprslylio'
851 734 1094 831 adglutinata,
1119 733 1299 831 cuneisque
1309 731 1465 832 firmato.

533 837 684 938 Gq'nibus
707 836 900 937 inseruntur¹
924 834 1065 930 tripodis
1090 857 1186 907 crura
1206 835 1300 923 EF,
1327 833 1467 926 trajellir

433 923 562 1024 clauis,
579 937 613 1006 G
635 936 707 1025 H,
730 935 803 1034 qui'
817 929 920 1008 monui
945 959 1039 1007 aorem
1058 929 1310 1032 suppeditant,
1348 933 1467 1006 additis

433 1034 628 1124 matricibus
655 1033 742 1125 IK,
767 1060 843 1134 quoe
861 1036 1006 1130 genibus
1031 1059 1127 1108 crura
1153 1039 1190 1105 in
1219 1057 1321 1105 unam
1351 1055 1467 1130 compa·

426 1157 506 1228 gem
529 1131 766 1230 adstringunt,
792 1135 834 1214 Φ
861 1152 982 1206 metum
1008 1133 1191 1206 liberiorem
1215 1131 1424 1229 impediunt.

532 1231 593 1303 Ad
626 1231 777 1332 epistylii
792 1231 996 1335 slrudiuram
1020 1237 1137 1326 potati
1162 1255 1258 1306 erant
1283 1252 1353 1306 tres
1372 1233 1467 1329 lignei

423 1325 658 1431 semicylindri
685 1333 737 1426 L,
766 1358 903 1432 quorum
931 1337 968 1406 in
992 1329 1238 1432 sagulispars
1258 1333 1370 1408 media
1389 1339 1468 1408 inte·

425 1453 524 1523 gram
549 1428 653 1528 suam
686 1437 828 1508 retinuit
862 1431 1069 1534 croffltiem:
1103 1432 1166 1508 duo
1202 1453 1314 1505 aurem
1351 1431 1469 1531 reliqui

429 1531 570 1602 trientes
595 1556 657 1604 non
684 1535 749 1604 nir
773 1531 950 1618 mediam,·
982 1554 1020 1605 ut
1039 1530 1103 1632 sex
1128 1531 1165 1604 bi
1183 1535 1324 1632 sellores
1351 1539 1421 1606 emi
1434 1560 1466 1623 t,

423 1621 593 1727 smulque
616 1629 803 1725 conjuncto,
829 1615 877 1708 6)·
902 1631 1113 1726 adglutinati
1136 1637 1270 1706 unicum
1289 1631 1469 1728 cylindrum

428 1747 674 1824 componerent,
700 1729 788 1825 ligni
813 1729 1069 1805 alterationibus
1094 1733 1205 1806 minlcs
1230 1733 1423 1805 obnoxium.

527 1818 707 1924 Quadrum
732 1833 813 1921 QR
839 1829 921 1924 (boc
947 1835 1076 1905 nomine
1103 1837 1156 1904 uri
1178 1830 1308 1923 liceat)
1332 1852 1467 1926 aptatus

427 1923 574 1996 Tabula
598 1929 636 2002 in
656 1927 784 2028 postica
808 1929 884 2023 ejus
904 1949 1005 2024 parte
1020 1955 1044 2015 ;
1077 1927 1238 2028 inseritur
1262 1951 1382 2024 nempe
1390 1929 1467 2030 sul

419 2019 583 2124 seudibus
617 2027 668 2099 ibi
701 2030 833 2128 affixis,
866 2051 996 2128 perque
1020 2027 1164 2102 coctteos
1189 2029 1244 2118 Y,
1270 2029 1301 2098 Z
1326 2029 1467 2102 Tabula

427 2120 670 2220 adstringitur.
722 2129 765 2202 ln
798 2126 904 2202 medio
939 2125 1042 2221 hujus
1076 2127 1201 2222 quadri
1226 2123 1391 2222 firmatus
1423 2125 1467 2228 esl

426 2225 503 2294 axis
527 2221 763 2319 orichalcicus,
788 2247 849 2302 aut
874 2227 1007 2322 ligneus
1032 2224 1124 2314 ST,
1150 2228 1212 2320 qui
1230 2246 1381 2299 centrum
1403 2231 1469 2323 epi·
1526 2245 1529 2250 '

419 2317 521 2422 stylii
534 2318 748 2414 pervadens,
772 2349 845 2394 cum
863 2325 1014 2413 quadro,
1039 2347 1077 2396 ac
1093 2321 1234 2397 Tabula
1248 2321 1431 2415 volvitur,
1449 2351 1470 2396 a

425 2420 564 2490 matrice
593 2417 663 2520 sua
704 2419 748 2490 M
790 2414 1047 2516 adslringendus
1070 2419 1303 2510 „interjecli
1342 2422 1469 2496 lamini

424 2513 657 2612 allegando,
683 2540 759 2612 que
779 2513 942 2611 prismati
967 2517 992 2586 P
1017 2518 1189 2610 congruit.

524 2615 616 2688 Axis
640 2612 799 2686 centralis
824 2615 861 2686 N
886 2616 924 2686 o'rt
949 2612 1075 2712 quadro
1086 2611 1250 2712 firmatus
1267 2612 1469 2713 ostenditur.

404 2718 500 2786 ‘Non
534 2713 609 2784 rard
634 2733 745 2786 tomen
763 2711 852 2810 solet
876 2711 965 2785 idem
991 2715 1067 2784 axis
1093 2710 1242 2786 Tabula
1266 2715 1387 2812 affigi,
1417 2715 1470 2789 uel

422 2811 668 2906 adglutinari,·
713 2810 775 2910 sed
798 2810 981 2911 consultilrs
1006 2811 1056 2910 esi
1080 2811 1207 2908 quadro
1231 2814 1341 2912 ipsum
1367 2838 1472 2912 appo·

421 2913 481 3001 ni,
507 2931 546 2984 ut
570 2911 710 2985 Tabula
734 2931 838 3008 queat
862 2938 883 2984 a
901 2905 1013 3009 sulcro
1029 2909 1201 3008 sejungi,
1227 2911 1367 3010 aliaque
1388 2916 1471 3012 sul·
1533 3003 1536 3011 ²

414 3009 553 3180 sitnm·
570 3007 686 3110 stoque
711 3009 800 3084 idem
824 3014 901 3086 axis
924 3009 1078 3103 duabus,
1099 3029 1160 3083 aut
1173 3009 1334 3110 pluribus
1347 3017 1471 3090 Talor-

436 3136 467 3182 rs
492 3135 528 3182 rn
546 3129 686 3184 ervrat.

521 3107 688 3306 lsl‘lensura
722 3207 869 3284 Tabula
904 3209 1090 3284 arbitraria
1113 3206 1338 3306 relinquitur.
1375 3215 1471 3289 Olim

361 3369 371 3406 ¹.
420 3327 494 3381 erat
510 3311 628 3380 unius
658 3308 757 3402 pedis
790 3306 985 3406 quadrati,
1026 3307 1165 3406 ideoque
1199 3311 1319 3383 modici
1354 3314 1468 3412 usus.

359 3407 361 3414 ’
418 3414 521 3482 Nunc
546 3406 621 3500 ejus
645 3407 813 3512 longitudo
838 3411 986 3482 excrevit
1012 3406 1059 3480 ad
1082 3406 1292 3504 compedes,
1317 3408 1470 3490 latitudo

406 3505 664 3582 1addooscom
697 3506 870 3600 dimidio,
905 3531 945 3580 ut
978 3509 1136 3580 nimirum
1170 3507 1311 3580 excedat
1338 3507 1468 3609 solium

418 3604 540 3682 eborea
562 3605 722 3699 majoris,
749 3631 851 3704 quam
876 3606 1084 3704 imperialem
1114 3605 1312 3701 appellant.

517 3705 647 3784 Charta
662 3707 808 3782 Tabula
822 3707 1019 3807 apponenda
1027 3756 1041 3800 ,
1056 3706 1188 3810 resumis
1201 3711 1366 3784 extremis
1379 3737 1470 3788 mar·

1319 3813 1422 3908 gini-
