3110 4662
362 235 406 286 to
616 217 1034 290 Gnouaunta

305 333 380 386 tem
405 305 627 386 defleaendo
646 311 886 413 producatur,
911 309 988 385 fieri
1008 313 1106 389 nulla
1127 316 1265 392 tatione
1282 344 1343 418 po-

155 442 159 450 ·
306 409 403 519 test,
440 431 478 526 ut
506 410 583 487 duat
609 411 711 488 linea
737 409 843 486 tedia
869 409 1023 490 habeant
1051 439 1156 491 uuam
1183 439 1343 518 partem,

305 535 470 614 quamvis
504 511 712 606 minimam,
746 537 1001 607 communem,
1036 540 1165 616 ptaetet
1200 518 1343 594 unicum

305 609 499 717 pundlum,
524 612 562 689 in
587 640 660 718 quo
684 615 717 690 se
742 615 871 690 ututud
896 611 1130 692 intersecant.

676 817 895 894 corollarium
919 819 960 888 V.
1043 881 1046 888 .

308 1039 370 1114 27·
483 1017 547 1090 Uae
575 1015 678 1092 redlae
710 1015 987 1118 lineaelpatium
1016 1043 1086 1092 non
1112 1018 1346 1118 comprehen-

501 1118 613 1191 dunt.
640 1121 691 1192 Ut
712 1117 808 1191 enim
829 1117 903 1191 duae
933 1117 1036 1192 redlae
1054 1121 1150 1210 AB,
1180 1122 1255 1191 AC
1272 1119 1345 1220 spa·

304 1214 396 1290 tium
430 1215 757 1320 eomprehendam,
791 1219 900 1292 amba
925 1217 1104 1294 discedant
1133 1215 1276 1320 oportet
1302 1219 1346 1292 ab

178 1383 180 1390 Α
303 1317 428 1392 endem
449 1319 580 1422 pundlo
609 1323 667 1410 Α,
692 1318 729 1393 &
755 1339 882 1392 coeant
912 1317 948 1392 in
978 1319 1073 1395 idem
1101 1315 1269 1420 pundlum
1293 1321 1346 1410 B,

303 1416 373 1490 five
392 1424 448 1510 C,
465 1422 551 1524 quin
568 1419 699 1594 ulfiam
719 1419 1036 1512 commisceantut3
1061 1417 1156 1524 quod
1176 1415 1255 1494 fieri
1275 1440 1347 1491 non

300 1519 415 1618 potest
433 1547 478 1594 ex
499 1525 622 1595 Coro.
645 1520 692 1593 ΙΙ.
711 1523 856 1612 Quare,
885 1541 923 1594 ut
938 1519 1159 1622 superficies,
1179 1518 1348 1618 spatium·

301 1643 370 1788 jue
392 1619 545 1722 quodvis
557 1617 790 1694 tedlilineutn
806 1619 854 1696 ex'
868 1621 966 1694 omni
984 1642 1082 1720 parte
1098 1618 1347 1707 concludatur,

329 1720 435 1793 uabus
465 1719 571 1795 tediis
600 1721 696 1811 ΑΒ,
723 1723 799 1792 AC
830 1719 939 1796 tertia
968 1718 1128 1823 quadam
1161 1719 1256 1794 linea
1276 1721 1348 1792 BC

301 1816 524 1918 adjungenda
549 1815 621 1913 ell;
649 1817 702 1893 ita
721 1819 817 1893 enim
837 1820 1048 1896 conficietur
1067 1817 1217 1921 spatium
1238 1818 1350 1894 trian-

297 1917 421 2016 gulata
447 1923 587 2013 ABG,
622 1918 680 1996 seu
705 1921 897 2020 figuratum
923 1921 1193 1998 rediliueatuut
1214 1919 1350 2022 prima.

675 2855 894 2931 Catullatium
919 2856 983 2933 Vl.

303 3011 368 3090 28.
431 3011 463 3102 νΙ
488 3031 562 3084 tres
587 3003 691 3083 tedia
718 3008 820 3082 linea
842 3012 939 3102 AB,
966 3011 1058 3100 BC,
1083 3011 1158 3080 AC
1177 3008 1348 3082 claudant

472 3107 650 3211 spatium,
686 3135 809 3183 earum
837 3109 914 3184 duae
943 3108 1112 3223 qualibet
1144 3112 1240 3201 AB,
1276 3111 1347 3180 BC

306 3207 406 3284 stmul
433 3212 597 3310 sumpta,
632 3210 742 3282 tertia
767 3211 843 3281 AC
869 3209 1072 3310 languores,
1108 3207 1165 3284 seu
1196 3207 1347 3300 majores

304 3328 443 3386 trunti
459 3309 592 3384 Euclid.
613 3308 672 3384 lib.
696 3331 727 3381 t.
741 3329 837 3405 prop.
858 3331 922 3384 20.

402 3411 498 3486 Cum
522 3409 620 3484 enitn
645 3409 741 3483 linea
767 3411 843 3482 AC
869 3408 966 3494 tedia
993 3408 1060 3502 sut,
1086 3411 1156 3485 erit
1185 3405 1347 3485 omnium

305 3508 506 3586 brevissima
533 3537 554 3583 a
582 3507 714 3613 pundlo
734 3514 766 3582 Α
786 3510 829 3584 ad
851 3509 1020 3611 pundlum
1040 3513 1094 3585 C..
1131 3511 1247 3603 Hujus
1272 3513 1345 3583 Co·

296 3611 445 3693 tonarii
471 3611 548 3688 ulus
572 3611 644 3708 urit
671 3601 1046 3714 frequensudeinceps.
