3110 4662
366 342 619 457 stipulatores
650 339 804 446 solum,
835 338 900 426 sed
932 341 1110 428 nudiores
1141 345 1265 428 etiam
1292 345 1412 453 hujus
1515 403 1542 454 u

366 489 463 548 meae
491 459 695 546 sententiae
723 457 933 573 scriptores
964 459 1091 546 ferme
1119 490 1287 567 omnes,
1328 468 1414 554 Ιιι-Ι
1518 525 1542 576 r:

365 577 450 683 los,
489 583 528 663 8<
559 575 874 690 Transalpinos,
914 579 986 691 qui
1019 579 1121 662 mihi
1151 579 1283 664 multo
1312 607 1412 665 anre
1519 617 1542 706 ³„

365 699 633 812 praeiverunt.
692 698 844 808 Neque
887 725 982 780 vero
1023 697 1194 808 putandi
1227 696 1317 786 sunt
1352 723 1411 782 re·
1523 719 1542 820 ,J

367 843 475 900 mere
506 815 547 898 id
578 809 732 917 fecille,
756 843 802 900 ac
830 813 878 898 de
909 813 1035 929 gradu
1057 813 1149 917 luo,
1180 842 1303 926 quem
1326 820 1411 899 Eu-
1525 889 1542 942 ,J

364 933 459 1016 clidi
491 955 554 1015 tot
586 930 814 1015 saeculorum
836 930 1043 1016 consensus
1075 931 1333 1035 firmaverat,
1360 935 1409 1017 il·
1525 920 1542 1042 ’ζ

364 1051 450 1134 lum
482 1047 712 1133 dimoville.
761 1051 881 1134 Nihil
908 1047 1086 1163 prolecto
1112 1051 1263 1133 minuS.
1309 1057 1417 1134 Per·

363 1167 513 1254 sellum
550 1171 841 1272 Geometrum,
881 1167 1015 1252 &cui
1047 1167 1147 1252 nihil
1180 1168 1405 1252 admodum

362 1285 483 1418 desit,
514 1287 726 1371 Euclidem
758 1284 877 1369 facile
899 1285 1132 1398 predicant.
1162 1285 1243 1370 ¹Sed
1267 1286 1407 1370 ualeat

359 1404 584 1517 primoilla
612 1403 745 1488 Marci
767 1403 897 1488 Tullii
922 1403 1045 1488 libera
1074 1432 1176 1487 vox.
1225 1405 1407 1489 Nihilne
1541 1501 1542 1508 J

361 1543 425 1606 tot
449 1520 616 1627 seculis,
649 1519 844 1606 summis
833 1521 1027 1637 rngeniis,
1060 1520 1246 1604 maximis
1268 1521 1405 1607 studiis
1528 1529 1542 1642 J

361 1639 607 1753 explicatum
641 1636 857 1753 putamus?
901 1638 1021 1724 Nihil
1054 1638 1107 1723 est
1139 1667 1234 1752 ergo
1267 1637 1404 1725 allum
1531 1655 1542 1754 J

360 1756 446 1871 post
478 1754 720 1844 Euclidem?
1530 1845 1537 1860 ,

478 1875 597 1960 Adde
629 1875 754 1960 etism
780 1904 855 1988 pro
871 1871 1029 1960 diverso
1047 1875 1299 1989 Scriptorum
1320 1872 1403 1961 sco·

358 2022 413 2106 po
444 1992 591 2078 inflecti
623 1993 747 2078 etiam
772 2019 985 2126 oportere,
1014 1995 1299 2127 &circumagi
1316 2023 1406 2080 om·
1530 2000 1542 2092 ,³

357 2139 453 2196 nem
487 2109 698 2196 trallandae
729 2111 967 2196 Geomerriae
999 2112 1238 2196 rationem»
1280 2114 1406 2196 Luci·
1530 2201 1541 2224 J

357 2227 434 2318 lius
464 2228 620 2340 ajebat,
662 2253 706 2312 ut
738 2229 791 2312 est
823 2228 929 2341 apud
961 2227 1149 2310 Tullium
1181 2228 1250 2312 lib.
1284 2259 1320 2317 ι.
1352 2232 1404 2316 de
1533 2326 1537 2341 J

357 2346 471 2448 rin,
501 2344 538 2428 se
570 2373 652 2432 non
683 2347 903 2446 Romanis,
936 2340 1000 2428 led
1031 2346 1266 2432 Tarentinis
1298 2346 1400 2454 sois,
1541 2439 1542 2444 Ν

357 2460 636 2565 Consentinis,
655 2464 694 2546 8<
711 2462 852 2554 Siculis
873 2459 1062 2547 scribere.
1097 2467 1243 2549 Facete
1262 2465 1293 2550 is
1308 2469 1400 2577 qui·
1541 2505 1542 2514 ι

357 2579 475 2683 dem,
515 2577 579 2664 led
612 2580 735 2666 etiam
768 2609 882 2669 vere.
942 2579 1010 2662 Est
1042 2581 1152 2665 enim
1184 2584 1399 2695 Scriptoris
1533 2569 1542 2598 ''

325 2725 438 2786 ,non
470 2695 695 2811 desipientis
725 2695 836 2810 sequi
869 2724 1080 2801 naturam,
1120 2703 1158 2784 &
1190 2730 1236 2785 ea
1268 2701 1398 2815 singu·
1532 2687 1537 2702 ¹

355 2814 404 2900 lis
425 2817 638 2921 aetatibuS‚
680 2815 744 2900 vel
777 2813 967 2928 personis
983 2813 1219 2902 addiscenda
1251 2846 1400 2933 propo·

354 2961 475 3038 nere,
514 2961 601 3045 quc
631 2931 790 3046 singulis
820 2933 1019 3048 aprillrmo
1054 2932 1176 3022 sunt.
1226 2938 1399 3023 Geome-

355 3075 478 3137 trram
498 3080 519 3133 e
546 3081 572 3135 o
592 3079 672 3135 ιιοιι
693 3053 944 3185 Geomerris,
974 3051 1038 3138 sed
1054 3051 1397 3159 adolescentibus,
1537 3063 1542 3142 ἕ

355 3166 421 3256 scd
456 3079 704 3261 auditoribus
735 3171 833 3252 meis
861 3168 1010 3255 scribo.
1072 3175 1119 3252 In
1148 3173 1223 3256 hoc
1251 3203 1396 3289 genere

354 3283 579 3391 scribendi,
608 3285 740 3398 ajebat
771 3287 932 3371 Tullius
957 3286 1024 3370 lib.
1059 3313 1102 3420 53
1122 3288 1244 3376 Tulc.
1272 3289 1395 3401 disp,
1539 3307 1542 3360 ἱ

356 3401 595 3520 nescioquo
628 3403 743 3519 padio
778 3405 904 3519 magis
934 3433 1058 3518 quam
1091 3406 1131 3492 in
1163 3405 1276 3512 aliis,
1305 3405 1395 3496 suus

356 3523 502 3636 cuique
533 3521 644 3627 finis,
684 3521 797 3619 suum
829 3523 975 3634 cuique
1006 3521 1274 3658 pulchrum
1359 3535 1361 3544 ’

387 3639 754 3761 Quamobrem
789 3669 874 3748 en,
913 3669 1001 3753 quae
1040 3641 1082 3733 in
1115 3642 1267 3757 primos
1297 3671 1395 3755 qua·

1245 3787 1336 3846 tuor
