3054 4662
691 483 910 554 LIBER
959 481 1035 548 IV.

533 670 585 738 Dc
606 666 793 737 Senioribus
814 663 979 734 Reflrrum
1000 665 1208 753 grontrtrr'ris.
1315 705 1318 715 ·

664 849 1016 917 Erotion-runt
1051 846 1079 910 Ι.

448 1033 616 1102 Deliacis
625 1029 715 1119 sellis
730 1029 763 1097 in
778 1030 890 1096 ratione
906 1028 1069 1132 rtciproca,
1091 1028 1172 1094 arde
1180 1029 1312 1099 Mediis

727 1119 993 1210 proportionalibus
1008 1164 1017 1182 .

355 1305 429 1393 Des.
530 1305 597 1374 Uid
628 1305 665 1374 stt
702 1303 797 1372 sellio
829 1301 984 1370 rellatum
1020 1299 1055 1366 in
1086 1299 1214 1368 ratione
1254 1303 1403 1390 recipro-

355 1487 460 1555 Tlreor.
485 1489 518 1555 Si
537 1420 699 1556 inciodem
714 1484 835 1554 circulo
853 1484 921 1551 tlon
937 1481 1059 1552 chordae
1074 1483 1137 1552 lese
1151 1413 1402 1553 mniiiltgleitiei-

400 1579 466 1645 rint
487 1579 519 1644 in
537 1580 652 1665 quovis
672 1575 807 1663 pontio,
834 1593 927 1645 erunt
943 1597 1049 1642 earum
1069 1574 1234 1663 segmenta
1251 1579 1403 1662 recipro-

401 1671 438 1737 ce
459 1669 725 1758 proportionalia.
1319 1674 1401 1755 39⁶·

356 1763 465 1829 Coroll.
500 1765 524 1829 l.
549 1764 593 1830 Π.
617 1764 680 1830 ΠΙ.
714 1759 801 1827 Hinc
834 1756 944 1828 mediae
980 1755 1231 1846 proportionales
1273 1759 1402 1827 inven-

403 1870 460 1918 tae.
1317 1873 1400 1938 397·

357 1941 463 2008 Theon
487 1941 669 2010 Secantiurn
688 1941 783 2008 sellio
803 1941 835 2007 in
857 1943 982 2008 rationo
996 1939 1173 2026 reciproca.
1317 1947 1399 2030 398.

357 2032 464 2100 Theon.
488 2033 586 2099 Ratio
601 2031 743 2119 quadrati
763 2035 924 2120 tangentis
943 2031 979 2098 ad
1000 2029 1216 2118 reilangulum
1241 2032 1302 2100 lob
1325 2054 1398 2100 tota

403 2122 544 2207 secante,
569 2124 603 2191 δι
628 2123 694 2202 ejus
712 2144 798 2208 parte
817 2123 966 2192 exteriori
986 2122 1265 2206 comprehensam.
1318 2147 1395 2211 399.
1504 2155 1506 2160 ·

359 2217 469 2282 Coroll.
495 2220 519 2284 l.
545 2218 587 2284 ll.
613 2219 674 2284 ΠΙ.
700 2217 749 2282 De
771 2213 960 2302 rellangulit
990 2211 1181 2296 secantium,
1208 2214 1305 2283 aede
1322 2237 1394 2282 tan·

404 2306 554 2394 gentibus
573 2307 612 2372 ab
630 2305 739 2373 eodeni
755 2306 870 2392 pontio
885 2305 1006 2372 dullis.
1315 2309 1393 2373 ibici.

358 2398 465 2466 Their.
492 2399 529 2464 ln
549 2397 637 2465 omni
657 2394 818 2485 triangulo
837 2395 1020 2478 reclilineo,
1039 2393 1058 2461 st
1078 2395 1233 2462 avertice
1247 2395 1396 2477 cujusvis
1504 2457 1506 2486 2

403 2488 512 2576 anguli
536 2489 726 2558 demittatur
754 2485 1018 2573 perpendicularis
1046 2485 1077 2550 in
1099 2485 1212 2568 basim,
1231 2489 1286 2554 leu
1306 2488 1396 2558 latus

403 2579 602 2732 oppofitum‚
626 2577 832 2665 medullam,
859 2579 880 2644 si
898 2601 974 2665 opus
996 2576 1112 2658 fuerin
1134 2577 1200 2644 ltaec
1221 2583 1400 2666 proportio

403 2669 621 2739 otintbitur.

358 2759 420 2824 Utl
441 2757 514 2826 basis
532 2759 625 2828 estad
641 2760 793 2828 summanr
812 2760 944 2827 duorum
960 2757 1115 2840 laterum,
1136 2760 1181 2830 ita
1194 2761 1313 2830 nomm
1329 2763 1398 2831 dif-

403 2849 541 2918 ferentia
569 2852 610 2920 est
629 2851 667 2919 ad
688 2851 922 2935 differentiani,
951 2850 1002 2918 vel
1021 2850 1060 2918 ad
1078 2850 1230 2920 lumniam
1249 2852 1396 2922 duorum

404 2940 639 3029 segmentorunt
667 2943 792 3010 baseos.
1312 2969 1397 3029 401.

357 3033 460 3102 Probi.
489 3033 582 3101 Dttis
609 3035 729 3104 duabus
757 3032 848 3102 tellis
866 3032 980 3116 lineis,
1008 3033 1146 3102 mediant
1165 3035 1397 3122 proportiona-

403 3121 465 3192 lttn
492 3123 660 3192 invenire.
1313 3151 1397 3210 402.

356 3217 468 3372 Copoll.
493 3215 574 3282 Tres
596 3216 706 3285 media
725 3212 974 3306 proportionales
994 3215 1026 3282 in
1044 3215 1206 3306 triangulo
1223 3217 1399 3306 rellangu-
1505 3297 1506 3300 Ἴ

416 3329 454 3372 0·
1390 3359 1399 3378 Ι
1504 3347 1506 3352 .

357 3397 460 3464 Probl.
485 3395 578 3463 Datis
597 3398 697 3466 tribus
717 3396 825 3486 primis
846 3396 938 3464 tellis
955 3397 1175 3488 progressionis
1187 3333 1401 3490 geomeiii’eie
1504 3467 1506 3476 ,

405 3485 586 3573 lineatum,
610 3487 758 3563 invenire
777 3486 912 3576 reliquas
930 3488 964 3556 in
980 3489 1167 3560 infinitum.
1321 3517 1401 3578 404.
1501 3479 1506 3532 l

1504 3555 1506 3610 ι

1245 3771 1354 3844 Pria·
1503 3665 1506 3848 l

1504 3987 1506 4062 l

1504 4063 1506 4102 Ι

1505 4149 1506 4192 l
