3110 4662
393 375 499 474 'tum
532 381 606 472 esse
632 381 770 468 dicant
795 383 838 468 in
864 383 941 468 hoc
969 409 1057 468 toto
1079 385 1319 474 elementari
1335 418 1450 505 gene·

407 537 475 612 re,
506 531 552 590 ut
584 502 725 588 frustra
751 502 881 588 omnis
903 503 1030 590 videri
1051 503 1166 618 poliit
1183 535 1287 594 atne
1303 505 1451 622 suscep·

409 649 474 710 tus
505 625 640 708 labor.

526 738 722 854 Utrisque
754 739 898 854 putavi
930 737 1033 854 posse
1053 767 1132 826 -me
1163 741 1221 828 ita
1254 742 1449 832 satisface-

407 885 474 963 re,
505 883 549 942 ut
580 861 620 942 8(
650 859 738 942 illos
765 859 866 942 mihi
898 859 1076 974 placatos
1103 857 1282 973 sperem,
1306 865 1345 946 8<
1377 863 1448 946 bos

406 979 531 1062 etiam
555 974 872 1080 consentientes,
903 975 1070 1062 simodo
1085 977 1238 1062 consrlii
1260 979 1340 1064 mei
1359 1009 1449 1064 cau-

405 1094 512 1199 sam,
543 1095 823 1208 rationemque
855 1097 1141 1210 cognoverint.
1202 1099 1316 1182 Nam
1338 1099 1448 1210 quod

404 1213 546 1298 dicunt
588 1212 800 1327 asperitate
836 1213 1007 1326 aliqua,
1045 1241 1132 1326 qua
1164 1215 1206 1298 in
1238 1217 1446 1300 Euclidaeis

403 1331 615 1417 elementis
629 1333 829 1435 occurrit,
850 1331 1042 1435 excitari,
1062 1360 1142 1416 non
1167 1333 1331 1448 infringi
1353 1335 1446 1418 ado-

401 1447 623 1535 lescentum
658 1451 813 1554 studia,
844 1475 932 1534 tum
966 1450 1005 1534 id
1037 1451 1248 1556 audirem,
1277 1451 1326 1554 sr,
1356 1453 1452 1566 qui-=

401 1595 577 1682 cumque
598 1567 648 1653 ad
669 1570 944 1662 Geometriam
966 1570 1187 1672 accedunt,
1218 1599 1298 1654 non
1321 1571 1441 1654 modo

401 1685 566 1801 ingenio
593 1686 693 1772 bene
718 1685 916 1791 inllrucli,
953 1685 1015 1772 sed
1043 1687 1224 1800 optima,
1253 1691 1292 1772 δι
1325 1687 1442 1772 obfir-

400 1827 514 1888 mata
540 1808 666 1890 eriam
694 1804 905 1892 voluntate
925 1805 1185 1908 accederent,
1211 1832 1283 1891 nec
1305 1806 1441 1892 incon·

399 1921 543 2007 stantia
570 1922 823 2028 laborarent,
853 1951 941 2037 qua
972 1925 1014 2008 in
1045 1925 1159 2026 illam
1191 1947 1350 2008 atatem
1377 1954 1440 2008 ca·

395 2039 481 2124 dit.
540 2043 703 2126 Horum
735 2067 874 2128 autem
908 2042 1179 2129 imbecillitati
1216 2040 1440 2156 prospicere

397 2158 528 2246 etiam
546 2160 674 2265 velle,
704 2160 841 2274 ecquis
866 2157 1104 2273 prohibeat?
1134 2163 1237 2243 Sane
1269 2189 1340 2274 per
1374 2161 1443 2244 ho·

396 2274 460 2362 sce
491 2305 640 2379 annos,
679 2279 825 2390 quibus
855 2277 933 2359 hoc
966 2301 1132 2360 munere
1163 2275 1339 2392 fungor,
1373 2309 1440 2364 ex·

395 2417 535 2508 pertus
565 2391 661 2477 sensr
691 2393 884 2506 pleraque
916 2392 957 2476 in
989 2394 1125 2507 primo
1153 2393 1295 2480 limine
1328 2395 1441 2482 theo·

384 2533 554 2596 ramata
594 2509 878 2626 intempestiva
919 2506 992 2596 else
1033 2512 1236 2596 Tironum
1268 2515 1440 2629 ingeniis

382 2626 577 2714 ¹nondum
609 2625 794 2714 sebadiis.
825 2629 1003 2713 Memini
1018 2653 1194 2742 quantus
1212 2631 1290 2716 illis
1309 2657 1440 2716 terror

396 2749 552 2852 inerat,
582 2773 676 2832 cum
700 2745 839 2832 sensim
863 2774 928 2831 eos
951 2747 1195 2834 deducebam
1214 2748 1265 2835 ad
1286 2751 1457 2862 primast

396 2865 685 2980 propositiones
704 2919 718 2970 ,
747 2890 939 2979 quartam
960 2925 974 2970 ,
1003 2867 1193 2979 quintam
1214 2923 1228 2970 ,
1257 2865 1442 2976 sextam,

395 2983 639 3098 septimam,
677 2981 932 3070 &oslavam
962 2984 1003 3070 in
1040 2984 1180 3070 ordine
1212 2983 1441 3093 Euclidaeo,

393 3101 505 3215 quast
524 3129 620 3192 vero
637 3099 883 3188 offendissent
898 3102 1095 3188 immanes
1110 3101 1290 3217 scopulos
1313 3109 1442 3190 Acro-

394 3220 607 3306 ceraunia.
662 3221 892 3306 Audierant
923 3220 1049 3306 etiam
1080 3219 1187 3304 hisce
1220 3223 1317 3306 locis
1343 3251 1440 3307 nau-

392 3335 522 3455 stagia
555 3337 775 3424 multorum
793 3370 806 3451 ;
837 3361 1006 3454 pontem
1037 3336 1111 3424 else
1143 3339 1249 3426 male
1280 3341 1437 3423 omino·

393 3455 480 3542 sum
500 3457 704 3573 pluribus;
735 3459 843 3542 hunc
864 3455 1107 3544 transmeare
1128 3458 1265 3571 paucis
1279 3455 1436 3542 conces·

392 3573 508 3660 sum.
568 3577 694 3681 Sane,
735 3575 805 3659 nist
836 3574 1041 3661 ardentius
1076 3572 1320 3683 inllitilser'n,
1351 3575 1433 3687 jam

395 3695 540 3812 prdem
572 3691 790 3782 retulissent
817 3695 1022 3810 plerique.

1281 3813 1377 3908 Hac
