3110 4662
160 385 240 472 set.
301 383 369 468 Sic
396 379 534 466 nostra
567 377 647 466 haec
680 379 801 493 paulo
837 379 1100 496 explicatio'ra
1136 387 1213 473 ele·

161 527 300 590 menta
314 501 457 616 legent
473 499 676 601 Tirones,
705 498 901 610 quamdiu
919 502 1083 588 volent:
1111 529 1213 589 tam·

162 624 233 707 diu
265 647 401 706 autem
436 619 546 704 velle
566 615 793 719 debebunt,
822 617 956 728 quoad
977 623 1212 709 Geometria

161 742 220 824 ab
256 765 387 822 eorum
418 735 684 849 cognitione,
725 733 877 847 usuque
910 735 1068 854 longius
1099 738 1213 824 dista·

164 852 256 958 bit,
282 854 415 970 quoad
444 854 673 938 »hebetiores
704 853 841 937 oculos
862 851 899 939 se
921 856 1070 942 habere
1092 859 1211 943 intel·

169 973 315 1090 ligent.
638 1041 642 1046 .

280 1093 437 1182 Verum
476 1089 543 1175 cui
584 1089 665 1174 huc
707 1114 793 1176 tam
835 1091 992 1204 prolixa
1029 1092 1210 1180 admoni-

173 1207 249 1296 tio?
277 1213 381 1296 Non
414 1208 491 1292 illis
522 1233 655 1313 certe,
687 1207 982 1322 quilibrorum
1009 1213 1209 1326 prooemia

169 1358 257 1412 cum
290 1328 498 1442 legerint,
536 1325 628 1411 satis
667 1327 848 1433 habent,
887 1355 933 1413 ac
965 1329 1015 1415 de
1046 1359 1089 1415 re
1120 1355 1209 1415 tota

166 1445 417 1558 disceptant,
447 1441 511 1528 sed
545 1444 633 1528 unis
663 1444 764 1551 illis,
794 1446 866 1557 qui
898 1444 997 1530 serio
1023 1448 1212 1533 animum

166 1565 213 1648 ad
245 1564 528 1648 Geometriam
560 1561 730 1671 adjicere
762 1565 926 1668 volent,
988 1565 1109 1680 uique
1143 1596 1209 1652 ex·

163 1681 367 1797 periundo
388 1682 657 1793 incorruptius
677 1682 725 1766 de
746 1711 812 1766 me
837 1594 1092 1802 judiciium.
1124 1685 1211 1770 Ob·

165 1801 338 1884 scuritas
366 1827 502 1886 autem
536 1797 563 1888 s1
594 1828 675 1911 qua
704 1799 809 1885 forte
842 1828 1051 1908 occurrat,
1080 1803 1207 1887 nolim

168 1945 251 2007 tam
280 1916 404 2008 facile
434 1918 645 2030 Scriptoris
675 1943 858 2004 vertatur
888 1920 1019 2024 vitio,
1053 1921 1207 2035 quippe
1251 1915 1254 1922 ¹

169 2065 253 2150 quae
278 2061 368 2119 non
398 2063 490 2118 raro
513 2037 637 2119 oritur
662 2065 712 2118 ex
734 2037 850 2120 rebus
871 2037 960 2148 ipsis
980 2037 1119 2151 suapte
1139 2067 1214 2124 na·

170 2179 255 2238 tura
285 2153 536 2254 latentibus,
565 2181 611 2238 ac
642 2151 740 2266 supe
769 2182 819 2236 ex
851 2153 1106 2270 ingeniorum
1140 2183 1208 2238 no·

169 2271 340 2356 litorum
371 2271 680 2383 imbecillitate3
711 2300 791 2385 qua
817 2269 886 2377 fit,
917 2295 987 2374 ut,
1017 2271 1208 2384 quemad·

170 2391 330 2474 modum
365 2389 505 2474 vetula
528 2389 631 2494 illa',
656 2417 749 2474 cum
772 2388 984 2474 oculorum
1009 2391 1140 2476 aciem
1162 2419 1207 2474 ae·

171 2506 486 2612 ammisisset,
518 2507 569 2592 de
601 2507 743 2591 aedium
774 2508 994 2592 luminibus
1013 2510 1207 2622 quereba-

171 2651 257 2732 tur,
296 2629 356 2712 ita
397 2627 566 2712 artium·
600 2623 755 2709 studiosi
790 2626 994 2711 interdum
1020 2628 1207 2722 humanu¹

170 2743 403 2834 infirmitatis
424 2745 600 2858 culpam
624 2745 664 2828 in
693 2743 905 2860 Magistros
930 2741 1163 2847 conferant,
