3090 4668
978 115 984 156 Ι

409 389 476 462 172
578 363 1026 444 ,ELEMENTUM
1061 361 1165 434 VII.

454 465 496 535 In
518 481 722 562 pentagono
748 455 876 559 duplos
896 484 1062 535 numerus
1083 463 1243 537 laterum
1262 457 1311 535 est
1331 483 1400 534 to:

355 565 517 654 abhoc,
553 561 722 634 fidenas
748 581 798 652 4,
824 583 1010 635 remanent
1039 561 1086 654 6,
1123 589 1201 668 quae
1228 559 1334 637 doeio
1360 561 1402 636 in

357 689 408 768 90
436 661 634 766 producunt
666 683 766 756 5403
796 657 868 732 haec
888 685 1008 736 autem
1028 661 1139 736 divisa
1161 689 1223 766 pet
1246 688 1264 758 ς
1288 662 1402 736 deno·

354 767 570 841 minatorem
597 763 740 862 figutae,
759 759 933 835 exhibent
965 763 1035 834 108
1063 763 1216 863 gradus,
1250 761 1313 866 qui
1337 762 1400 836 de·

356 868 487 942 bentut
512 863 644 962 angulo
669 855 966 935 circumferentiae
994 863 1207 964 pentagoni.

392 991 397 1004 ·
455 961 728 1062 Demonstratio.
781 965 917 1035 Omnes
953 961 1052 1037 simul
1088 963 1210 1064 anguli
1246 961 1400 1054 cujusvis

352 1063 549 1170 polygoni,
584 1062 642 1137 seu
669 1062 787 1162 figure
815 1062 1010 1137 teffllineae
1036 1065 1231 1139 conficiunt
1261 1063 1315 1137 bis
1340 1085 1401 1138 tot

352 1165 493 1256 reeios,
546 1185 608 1238 uot
635 1163 714 1237 sunt
741 1161 854 1236 latera
876 1164 1017 1262 figure,
1047 1165 1200 1266 demptis
1219 1185 1399 1278 quatuor.

353 1271 499 1359 Qtare,
516 1189 702 1364 iiduplum
721 1263 876 1339 laterum
893 1289 1094 1359 numerum,
1111 1264 1265 1366 demptis
1279 1287 1320 1358 4,
1331 1264 1399 1338 dtt-

353 1392 412 1440 cas
437 1365 474 1438 in
493 1387 543 1462 90
559 1364 687 1464 gradus
704 1363 764 1437 uni
782 1363 881 1439 reeio
896 1363 1061 1458 debitos,
1088 1365 1304 1466 provenient
1316 1391 1399 1464 gra·

353 1467 419 1540 dus
440 1463 554 1540 debiti
574 1464 739 1538 omnibus
753 1462 855 1539 fimul
870 1465 991 1564 figure
1008 1466 1168 1565 angulis3
1183 1490 1291 1570 atque
1307 1464 1401 1538 adeo

355 1589 445 1642 unus
470 1589 517 1638 ex
543 1564 616 1639 illis
639 1561 689 1637 est
716 1590 795 1666 pars
822 1566 949 1639 horum
975 1565 1147 1664 graduum
1177 1567 1221 1641 ab
1250 1592 1293 1639 an
1321 1565 1401 1639 ulo·

354 1692 435 1740 rum
460 1663 718 1755 multitudine,
754 1664 811 1739 seu
836 1664 1108 1740 denominatore
1134 1667 1254 1766 figorae
1291 1593 1402 1740 ‹ieno-

355 1767 513 1840 minata.
539 1767 637 1864 Ergo
663 1762 732 1836 &o
774 1765 882 1858 Quod
909 1787 987 1840 etat
1013 1767 1187 1842 alterum.

355 1965 659 2042 Denominatores
744 1967 881 2067 Anguli
897 1967 1013 2044 centri
1104 1967 1409 2070 Angulicircum·

414 2069 608 2168 figuratum
1173 2068 1334 2145 ferentiae

789 2241 875 2294 120.
1189 2217 1253 2293 60.

1188 2393 1252 2468 90.

1165 2523 1251 2594 108.
1265 2489 1266 2492 Ἴ

1164 2691 1252 2745 120.

902 2779 914 2812 ι
987 2782 1026 2896 ¹.
1165 2781 1403 2918 128.3ip.1“7.
