3054 4662
369 405 464 474 ·dent
485 405 603 491 punno
622 404 661 470 ad
680 401 822 470 eamdem
838 397 1059 490 dutipnllrnt.
1241 415 1318 492 prg-
1348 423 1413 486 42.
1525 473 1526 478 ,

350 491 397 564 ll.
422 499 469 563 Ex
489 496 610 564 duabus
633 493 773 582 obliquis
787 491 916 582 longior
933 492 995 577 ell,
1010 511 1084 578 quae
1100 511 1119 556 a
1138 493 1413 579 perpendiculari

396 589 496 675 magis
519 587 662 657 recedit.
1320 587 1411 653 idid.

349 681 393 748 Et
412 681 590 767 reciprocd.
1323 679 1410 744 ided-
1522 707 1526 720 ·

348 774 459 840 Caroli.
480 775 507 840 l.
535 770 589 838 nb
616 769 727 838 eodem
758 769 876 857 pnndlo
896 767 935 836 ad
957 765 1100 836 eamdem
1120 763 1239 836 tedam
1261 789 1409 855 perpen-

395 859 545 930 dicularis
563 861 657 930 unica
676 860 748 927 duci
771 861 888 947 potest.
1347 883 1398 943 44
1524 911 1526 930 t

348 952 458 1022 Coreli.
483 957 528 1022 ll.
554 955 632 1020 Duae
652 950 924 1039 perpendiculares
948 950 989 1018 ad
1009 948 1153 1022 eamdent
1182 948 1308 1018 reliam
1326 906 1412 1018 nus:

396 1069 490 1132 quam
508 1062 704 1113 concurrunt
717 1086 726 1108 .
860 1085 864 1094 ·
1324 1044 1409 1110 ibid-

349 1137 460 1204 Coreli·
485 1139 548 1204 lll.
573 1137 623 1205 W.
649 1136 728 1202 Duae
751 1132 889 1220 obliquet
912 1131 1045 1220 aequales
1072 1131 1251 1202 abeodem
1278 1133 1409 1219 pundlo
1491 1218 1495 1225 Ι

396 1225 496 1294 dulia
522 1227 560 1293 ad
583 1225 727 1294 eamdem
752 1225 888 1308 reliam,
915 1225 987 1293 sunt
1004 1223 1186 1314 ¹aequaliter
1205 1225 1409 1294 distantes-a

349 1317 736 1478 Coidlpelddldliaerddeill
755 1317 941 1495 perreddidcdd
967 1405 1111 1476 eamdem
1131 1408 1253 1477 tellam
1273 1338 1409 1476 1ηέΙῖ
1525 1467 1526 1478 2

396 1523 462 1569 nere
478 1499 613 1589 aequales
628 1499 701 1570 duci
720 1499 855 1569 minrmd
875 1497 1023 1587 pollent.
1155 1519 1162 1526 ·
1324 1501 1407 1568 idid.
1525 1579 1526 1588 χ

646 1679 1093 1754 EtruanrquL

400 1867 457 1938 Dc
475 1867 571 1936 variis
589 1865 731 1935 rellarum
747 1867 907 1935 Linerrum
924 1889 1080 1954 nunquam
1095 1866 1338 1936 concurrentium

757 1955 983 2048 affeliirnibus.

349 2141 425 2228 Des.
437 2044 596 2237 QUid
610 2140 669 2210 fint
682 2140 863 2212 Parallelae.
882 2140 991 2212 Praxis
1006 2137 1231 2210 Parallelilnti.
1260 2165 1318 2226 47.
1343 2138 1400 2224 48.
1515 2174 1521 2182 ·

351 2235 463 2300 Coroll.
489 2237 515 2302 l.
543 2237 604 2301 lll.
628 2229 902 2321 Perpendiculares
918 2255 1029 2318 omnes
1043 2233 1129 2300 inter
1144 2232 1244 2299 renas
1263 2233 1402 2319 paralle·
1495 2255 1498 2258 ·

399 2322 443 2391 las
454 2324 865 2411 comprehenlae‚suntinter
875 2324 904 2393 se
915 2323 1095 2411 aequalen&
1106 2322 1400 2410 parallelaeaurpq.

350 2417 460 2482 Coroll.
487 2419 530 2484 ΙΙ.
555 2417 634 2502 Qua
651 2417 705 2483 uni
722 2416 941 2502 parallelarum
958 2413 1227 2503 perpendicularis
1247 2415 1312 2498 est,
1331 2416 1401 2482 erit
1495 2440 1500 2448 ·
1522 2485 1526 2492 ,

397 2529 523 2593 quoque
539 2505 804 2593 perpendicularis
824 2506 916 2575 alteri
939 2503 1111 2596 parallelae.
1341 2511 1401 2591 48.

351 2599 462 2664 Coreli.
485 2598 537 2664 IV.
563 2595 785 2665 Parallelarum
808 2619 912 2686 partes
931 2595 1275 2687 aperpendicularibus
1291 2598 1404 2668 inter·
1522 2611 1526 2624 “

398 2704 516 2771 cepta,
540 2686 626 2756 inter
640 2687 671 2756 se
686 2688 758 2756 lunt
775 2688 929 2778 aequales.
1344 2713 1404 2778 49.

352 2779 463 2845 cornu.
488 2780 520 2844 V.
546 2779 575 2846 A
608 2779 725 2868 pundo
756 2803 851 2850 extra
878 2781 996 2850 lineam
1016 2781 1092 2850 dato
1108 2780 1201 2850 unica
1220 2779 1330 2850 eidem
1348 2808 1406 2868 pa-

399 2866 507 2937 rallela
524 2871 598 2939 duci
618 2873 736 2959 potest.
1323 2875 1403 2942 ibid

353 2961 460 3028 Prodi.
487 2963 573 3030 Dato
588 2981 679 3032 extra
694 2964 808 3032 renam
825 2965 943 3052 punllo
958 2965 1139 3053 parallelum
1159 2964 1298 3034 ducere.
1350 2987 1405 3055 50.
1513 3027 1520 3037 .

353 3051 456 3119 Probl.
481 3053 566 3120 Data
595 3055 678 3123 tella
692 3054 820 3143 obliqud
836 3056 999 3130 incidente
1015 3057 1190 3126 interdurn
1209 3055 1404 3144 parallelas,
1524 3125 1526 3132 ,

400 3141 513 3211 ducere
527 3143 690 3233 obliquant
704 3146 838 3216 alterum
852 3147 1017 3234 aequaliter
1030 3150 1117 3218 inter
1136 3147 1213 3216 duas
1229 3147 1404 3236 parallelas

386 3231 585 3312 ,inclinatam
605 3285 613 3304 .
1349 3263 1387 3330 51

345 3327 465 3393 Corui.
489 3329 516 3395 l.
544 3331 588 3396 ll.
613 3329 675 3398 lll.
700 3329 806 3400 Reus:
835 3329 999 3418 aqualiter
1027 3331 1191 3401 inclinate
1213 3331 1304 3402 inter
1322 3289 1406 3400 duas
1494 3349 1501 3371 ·

399 3415 582 3504 parallelas,
607 3420 679 3488 lunt
698 3422 785 3489 inter
803 3424 832 3490 se
850 3421 1004 3510 aquales,
1027 3425 1061 3494 de
1077 3421 1256 3510 parallel23
1276 3425 1406 3509 partes·

396 3531 460 3592 que
483 3534 521 3578 ex
543 3509 653 3579 iisdem
672 3511 828 3600 parallelis
844 3515 1075 3603 comprehensae
1094 3517 1181 3584 inter
1197 3515 1276 3584 durs
1292 3539 1406 3602 sequa·

241 3687 244 3694 ,
342 3643 346 3648 -
405 3599 481 3668 liter
496 3601 686 3686 inclinatas,
711 3604 782 3672 lunt
799 3607 917 3692 pariter
935 3606 1065 3676 intense
1082 3607 1236 3695 aquales.
1265 3625 1322 3697 51.
1352 3631 1406 3698 52·

345 3694 463 3765 Theor-
487 3693 521 3760 Si
549 3689 617 3764 duae
647 3694 748 3764 tella.
760 3695 915 3786 parallelae
935 3695 969 3766 in
990 3699 1120 3768 tertiam
1138 3698 1318 3802 incidant,
1339 3701 1405 3768 effi-

1248 3812 1355 3866 clellt
