3110 4662
378 358 503 446 rivari
533 378 745 471 poterant,
784 358 1023 444 Geometriat
1052 355 1232 472 pradicae
1263 360 1423 476 proble·
1520 365 1536 445 ’ἐ

377 503 515 562 mata·
504 501 672 588 ,atque
692 475 767 559 hac
790 477 971 584 ratione,
1001 505 1089 587 qua
1108 478 1264 564 divulsa
1289 507 1422 592 quon·
1517 513 1538 566 u

376 595 473 680 dam
516 619 602 680 erat
641 595 693 677 ab
723 594 958 680 elementari
992 597 1250 703 Geometria,
1293 596 1422 682 &se-
1520 636 1538 688 n

377 714 553 828 paratim
585 709 900 817 tractabatur,
889 743 929 798 ιιι
952 739 1077 798 unum
1093 740 1237 826 corpus
1256 715 1423 829 copula·
1525 749 1533 778 ··

378 833 513 916 vimus
545 831 799 914 Geometrr'am
830 831 1270 914 Thurin-Pratum.
1340 835 1423 917 Ni·
1531 881 1539 930 3

379 950 529 1034 mirum
562 947 668 1032 nuda
704 948 796 1054 illa,
825 953 864 1033 8(
895 949 1006 1033 arida
1030 949 1325 1033 elementorum
1358 981 1421 1035 ra·
1532 1001 1538 1050 ς

378 1067 437 1152 tio
469 1064 642 1150 nimium
674 1091 874 1177 quantum
907 1066 1083 1184 fatigat,
1113 1070 1151 1150 dr
1181 1067 1318 1176 abjicit
1336 1069 1422 1180 ple·
1538 1163 1539 1170 Ν

378 1181 554 1297 rosque,
593 1185 738 1295 quibus
778 1185 829 1267 ab
868 1186 982 1270 omni
1023 1183 1092 1268 usu
1135 1183 1292 1270 semota
1323 1213 1421 1268 con·
1529 1239 1537 1285 =

358 1302 638 1436 templationi
680 1299 835 1386 tamdiu
877 1332 1019 1388 vacare
1063 1299 1320 1388 videturesse
1346 1305 1421 1385 ho·
1529 1355 1535 1393 ι

376 1421 498 1504 minis
539 1419 857 1532 intemperanter
898 1421 1102 1506 abutentis
1142 1423 1180 1505 &
1219 1421 1337 1525 otio,
1379 1425 1420 1508 8<
1532 1478 1537 1522 2

375 1537 548 1622 litteris.
612 1571 615 1579 ¹

377 1697 385 1710 ·
495 1656 800 1771 Quamobrem,
831 1680 876 1741 ut
907 1657 985 1740 hoc
1015 1653 1286 1769 praejudicium
1307 1683 1420 1740 amo-
1537 1719 1538 1728 ι

378 1797 523 1858 vetent
568 1774 789 1886 Scriptores
834 1777 1107 1877 Geometriat,
1152 1775 1194 1856 in
1237 1773 1415 1887 dispares
1533 1825 1539 1874 ;

357 1890 563 1976 ¹abierunt
583 1890 828 1977 methodos.
889 1894 999 1998 Alii,
1030 1921 1116 2005 quae
1147 1893 1189 1976 in
1222 1890 1309 1976 usus
1331 1897 1421 2006 Op·

378 2009 491 2113 tica,
521 2009 820 2124 Cathoptticat,
841 2012 1131 2114 Aiironomiae,
1152 2009 1322 2120 Phystcae
1339 2035 1421 2094 rra·

378 2125 472 2210 duci
498 2156 546 2212 ex
570 2129 832 2214 theorematis
857 2127 940 2214 fere
968 2128 1127 2242 singulis
1147 2125 1322 2239 poffent,
1343 2128 1420 2211 stu·
1533 2186 1539 2234 ,

377 2243 486 2328 diosc
502 2245 788 2358 collegerunt,
814 2243 1055 2328 Wilhelmus
1090 2243 1267 2349 Wiston,
1302 2251 1343 2330 P.
1368 2247 1418 2330 de

377 2361 553 2466 Chales,
593 2389 638 2444 ac
681 2360 912 2473 nuperrime
946 2367 987 2445 P.
1022 2362 1253 2446 Leonardus
1280 2365 1419 2447 Xime·
1528 2455 1540 2474 ,Ι

379 2507 475 2582 nes,
521 2479 590 2590 qui
622 2479 806 2562 omnium
837 2500 1003 2563 conatus
1033 2476 1275 2563 solertiffrme
1306 2480 1418 2593 supe·

378 2595 515 2681 ravit.
582 2595 658 2680 Sed
689 2595 769 2680 hac
800 2595 922 2680 etiarn
961 2595 1148 2680 industria
1181 2627 1262 2682 non
1296 2623 1417 2682 vacat
1536 2579 1540 2682 J

380 2713 490 2799 affini
521 2714 719 2828 periculo.
759 2716 874 2798 Nam
907 2713 1148 2830 finguiarum
1173 2715 1415 2800 facultatum
1537 2693 1540 2798 f

359 2829 580 2947 ,principia
610 2829 799 2944 cujusque
832 2834 993 2946 propria
1024 2831 1266 2918 afferenda
1256 2861 1297 2915 tn
1333 2861 1418 2918 me·
1539 2831 1540 2838 ‘

356 2950 492 3034 dium
526 2947 639 3050 sunt,
668 2977 757 3062 quae
790 2949 883 3052 vix,
911 2980 957 3035 ac
990 2979 1039 3035 ne
1073 2953 1139 3033 vix
1172 2951 1368 3064 quidem
1357 2981 1417 3036 ιιι-

378 3067 570 3182 telligunt
604 3067 800 3152 Tirones·
788 3069 993 3202 ,quippe
1025 3096 1110 3180 qua
1143 3071 1415 3184 praetereundo

380 3187 517 3300 potius
546 3215 570 3271 a
602 3183 792 3319 scriptore
822 3189 969 3302 attingi
1001 3183 1148 3270 neceise
1172 3187 1247 3272 est.
1289 3195 1417 3273 Acce·

378 3302 442 3386 dit
466 3301 608 3389 eodem
635 3305 971 3407 novitasrerum,
1000 3308 1236 3407 devocem,
1258 3307 1416 3389 &mul-

378 3420 511 3533 tiplex
542 3421 910 3536 experimentorum
942 3427 1176 3558 cognitio,
1188 3427 1227 3507 in
1270 3424 1417 3536 quibus

382 3540 504 3651 plane
540 3538 715 3652 hoipites
745 3539 864 3644 sunt,
901 3545 939 3626 8(
980 3542 1177 3658 peregrini
1212 3543 1414 3626 Tirones:

381 3685 470 3768 qua
500 3657 637 3742 omnia
666 3661 910 3775 praepediunt
946 3663 1102 3775 potius,
1127 3689 1249 3775 quant
1277 3661 1414 3767 juvent

382 3804 522 3862 eorum
548 3774 726 3863 cursum.
1242 3778 1355 3861 Vidit
