3104 4650
421 397 500 468 w4
713 375 1080 448 Mernoous

369 471 436 566 n,
458 478 687 573 preminere.
716 472 926 563 Nimirum,
958 494 997 547 ut
1030 469 1170 546 didlum
1188 469 1236 544 ess
1256 497 1293 547 n.
1315 496 1376 571 3.,
1398 473 1422 548 li

367 599 452 650 area
469 574 670 651 curvilinea
690 573 727 647 in
747 573 1082 674 parallelogramma
1102 569 1292 650 reslilinea
1321 573 1421 648 divi·

367 673 508 769 datur,
543 673 581 750 δι
611 699 734 750 eorum
763 697 931 747 numerus
955 693 1162 772 augeatur,
1190 671 1228 745 sc
1258 673 1418 748 latitudo

367 773 553 849 minuatur
573 773 610 849 in
626 773 831 864 inlinitum,
852 773 978 846 borum
1000 771 1416 871 parallelogrammorum

368 873 502 948 summa
523 899 703 977 nunquam
723 871 856 972 poterit
876 871 942 946 else
960 871 1072 961 major
1092 873 1174 944 arel
1190 873 1417 966 curviliuel;

367 971 427 1048 sed
457 975 528 1048 hac
556 999 640 1049 area
670 971 739 1047 erit
770 972 966 1064 terminus,
996 971 1053 1046 seu
1084 971 1213 1064 limes,
1243 971 1287 1046 acl
1308 999 1417 1075 quem

367 1074 784 1174 parallelogrammorum
811 1071 1087 1146 decrescentium
1118 1072 1249 1145 summa
1280 1073 1414 1172 semper

367 1173 533 1266 accedit,
554 1174 591 1248 dt
622 1199 728 1276 quem
759 1172 903 1246 tandem
933 1171 1107 1272 attingit,
1139 1172 1198 1246 ubi
1270 1173 1412 1246 sallelo·

367 1299 528 1370 gramma
548 1273 783 1363 evanescunt,
800 1293 860 1346 aut
877 1272 1088 1348 nascuntur.
1107 1271 1204 1346 Idem
1246 1273 1411 1348 icendum

368 1373 413 1446 de
433 1373 724 1449 evanescentibus
743 1397 933 1446 curvarum
959 1371 1102 1446 chordis
1129 1371 1287 1472 respedlu
1319 1373 1411 1473 peri-

366 1471 477 1548 metri
505 1473 735 1548 curvilineae.
763 1475 833 1546 His
860 1477 971 1563 enirn,
1003 1471 1145 1574 inquit,
1166 1473 1255 1546 idern
1273 1473 1409 1573 preste-

367 1593 450 1665 tur,
471 1574 559 1672 qnod
575 1595 638 1670 per
657 1572 842 1648 methodum
859 1569 1155 1674 indivrsbilivrn;
1172 1573 1219 1648 θ’
1229 1577 1410 1670 principiis

365 1673 600 1772 demonstretis
619 1675 730 1750 tntilcs
745 1695 896 1748 utentur.
1346 1712 1352 1726 ·

369 1828 373 1838 .
469 1775 536 1846 111.
565 1777 620 1847 Ac
651 1801 694 1848 ue
723 1774 894 1876 quispiam
920 1772 957 1848 in
975 1773 1102 1848 horum
1122 1771 1409 1848 evanescentium

367 1869 599 1948 divisibilium
621 1873 767 1948 notione
784 1873 989 1966 laboraret,
1009 1873 1045 1946 dt
1063 1872 1177 1948 minuis
1192 1874 1297 1948 caute
1315 1899 1409 1948 earu·

365 1971 448 2046 dem
469 1971 672 2074 usurparet,
699 1971 742 2047 stc
763 1997 870 2072 porro
888 1995 1032 2048 monet.
1062 1979 1106 2050 Si
1124 1975 1256 2073 quando
1274 1978 1409 2073 quarti·

366 2091 457 2150 teter
484 2094 647 2172 tanquam
664 2100 706 2148 ex
726 2074 907 2170 particulis
930 2074 1114 2174 constantes
1142 2101 1199 2149 con
1215 2076 1409 2168 aderamno,

364 2172 425 2246 uel
434 2225 446 2264 ,
486 2201 498 2246 r
509 2195 570 2269 prr
588 2175 685 2248 cellis
698 2173 901 2274 usurpavero
915 2175 1054 2250 lineales
1071 2199 1228 2262 curum
1243 2177 1344 2252 nrlirn
1358 2181 1408 2250 in·

364 2272 445 2348 divi
460 2274 580 2366 rbilia,
588 2274 656 2373 sed
672 2275 909 2373 evanescentia
926 2271 1120 2374 diuiſsbilin
1130 2303 1152 2361 ,·
1170 2278 1408 2376 nonstrantes,

365 2373 416 2450 (9*
434 2377 579 2450 rationes
594 2380 746 2472 partiunt
763 2375 1082 2468 determinatarum,
1099 2375 1165 2475 sed
1178 2377 1406 2476 summarum,

365 2472 416 2549 (9⁴
433 2479 598 2550 rationein
620 2475 746 2548 limites
759 2473 893 2573 semper
911 2475 1083 2572 intelligi.

466 2573 700 2664 Quantirates
731 2573 851 2676 itaque
881 2576 1130 2651 evanescentes
1159 2575 1295 2676 concipi
1332 2601 1409 2652 non

365 2672 498 2748 debent
518 2675 617 2746 velut
638 2673 908 2769 determinata,
928 2697 989 2752 aut
1010 2676 1297 2752 determinabiles
1314 2704 1410 2779 quae-

364 2771 449 2857 dam
468 2774 649 2873 portiones
677 2775 947 2877 quantitatum,
976 2803 1052 2878 quur
1072 2801 1232 2868 certam,
1261 2777 1300 2850 δε
1325 2777 1411 2852 deli-

364 2871 479 2946 nitam
501 2873 719 2973 parvitatem
737 2874 946 2952 obtineant.
963 2877 1197 2979 Quascunque
1214 2877 1312 2950 enirn
1330 2903 1411 2980 poc·

366 2971 546 3048 tiunculas
574 2973 774 3067 linearum,
810 2975 1094 3076 superficierum,
1126 3001 1188 3056 aut
1220 3003 1410 3078 corporum

366 3073 637 3172 acceperimus,
664 3097 727 3150 aut
756 3074 1088 3176 designaverimus,
1124 3079 1176 3152 hae
1203 3079 1341 3180 semper
1370 3101 1409 3152 re

363 3171 442 3273 ipsi
470 3171 578 3248 finitae
608 3197 736 3268 erunt,
776 3203 847 3250 non
884 3179 1166 3270 evanescentes,
1198 3204 1311 3280 quare
1340 3204 1410 3254 nou

362 3273 445 3348 sunt
471 3271 566 3348 intra
596 3295 713 3350 certos
734 3279 928 3370 terminos,
952 3277 1182 3380 quantumvis
1204 3278 1411 3380 proximos,

365 3371 609 3469 commanda,
635 3375 726 3450 unde
747 3377 799 3450 har
818 3377 1042 3479 quantitates·
1057 3377 1191 3478 semper
1221 3401 1261 3454 ut
1291 3378 1411 3454 decre·

361 3471 522 3565 scentes,
547 3500 587 3548 ac
607 3477 777 3576 perpetub
797 3475 1032 3552 diminuenda
1054 3478 1168 3578 accipi
1187 3479 1346 3553 debent.

468 3575 532 3646 lV.
557 3576 653 3666 Quia
672 3578 760 3652 verb
778 3578 908 3678 opponi
929 3599 1094 3678 poterat,
1109 3578 1359 3681 quantitatum
1377 3605 1410 3653 e·
1501 3591 1505 3598 “

367 3674 632 3750 vanescentium
663 3677 797 3750 nullam
825 3677 1086 3754 elseultimam
1116 3678 1410 3780 proportionem,

358 3774 498 3874 quippe
519 3801 595 3876 qua
606 3829 619 3872 ,
635 3795 826 3879 antequam
844 3799 1173 3873 evanuerunt‚non
1189 3779 1238 3858 cll
1259 3779 1409 3952 ultipra,

1301 3905 1322 3952 u
1349 3906 1362 3951 t
