3110 4662
413 377 516 480 lucis
555 371 739 482 Thoria
778 373 864 518 cst,
904 410 1030 514 quam
1059 369 1259 513 frequens
1285 365 1465 479 Nobili2

415 563 481 633 tas
521 569 611 632 cum
646 531 922 668 gratulatione
971 529 1215 672 explicatam
1263 534 1428 667 accepit
1444 569 1464 627 .·

417 687 635 812 Voluntate
674 717 839 819 autem,
889 715 1012 824 atque
1050 687 1184 788 animo
1235 683 1467 826 declarasti

413 845 707 962 humanitatem
747 881 842 977 erga
882 878 947 942 me
985 836 1142 946 Tuam
1160 879 1236 941 uou
1262 841 1462 978 eosdem,

415 1035 517 1136 quos
555 997 845 1135 adolescentia,
883 995 994 1136 fines
1031 999 1265 1098 habituram
1288 1037 1303 1092 .·
1357 1033 1463 1096 cum

414 1153 471 1252 (r
498 1147 778 1290 -omautiffime
816 1189 883 1252 me
922 1181 1012 1252 tum
1049 1153 1333 1290 observares,
1396 1151 1461 1250 (φ

414 1307 596 1444 deinceps
635 1308 804 1446 semper
850 1308 1127 1408 benevolentia
1167 1301 1227 1440 fic
1265 1333 1458 1443 compre-

412 1463 627 1594 henderis,
668 1492 715 1562 ut
751 1463 803 1562 ab
842 1463 995 1564 nemine
1029 1464 1124 1600 plus
1163 1489 1237 1560 aut
1276 1487 1458 1596 optare,

362 1609 363 1614 Ν
412 1645 488 1716 aut
514 1616 689 1754 spretore
724 1611 900 1758 poffcm.
981 1615 1180 1720 Videlicet
1219 1615 1300 1716 bac
1340 1609 1461 1720 Tua

412 1763 630 1910 affiebilis,
674 1767 973 1912 fingulorisque
1021 1801 1179 1874 tratura
1229 1771 1323 1871 laus
1363 1771 1462 1910 ess3

411 1965 539 2064 quam
579 1963 669 2028 cum
711 1931 844 2036 Patre
882 1923 982 2033 Tuo
1008 1919 1303 2068 spellatiffimo
1345 1929 1463 2030 Viro

412 2081 737 2222 communicasti,
790 2087 839 2185 cle
891 2087 1009 2213 cujus
1055 2083 1245 2220 mirifica.¹
1270 2117 1372 2214 erga
1403 2083 1462 2220 se

411 2239 690 2345 Humanitate
751 2231 960 2341 Thomom
1011 2242 1048 2339 C
1048 2273 1172 2338 evam
1212 2237 1325 2372 sape
1382 2275 1461 2374 ego

405 2393 694 2532 predicantem
757 2393 957 2515 audivi3
1020 2393 1087 2492 cui
1136 2423 1213 2492 nou
1263 2421 1352 2492 tom
1409 2397 1457 2496 iu

410 2547 734 2652 Mathematicis
773 2547 1009 2679 tradendis,
1047 2585 1175 2682 quom
1213 2547 1257 2646 iu
1286 2543 1453 2652 ¹adeun-

410 2703 465 2801 do
498 2702 698 2842 preclaro
736 2705 1042 2832 benevolentia,
1082 2703 1349 2838 amicitiaque
1369 2741 1453 2807 ve-

404 2856 502 2994 Jlra
554 2859 788 2960 hereditate
828 2851 1071 3000 fiecceffiffi·
1107 2859 1291 2960 videor:
1345 2865 1451 2996 Quo

408 3015 707 3144 inmmerito,
757 3015 833 3117 alii
870 3013 1049 3146 judicent
1061 3009 1304 3155 3³-loeneficio
1343 3011 1448 3120 Tuo

337 3191 339 3196 ·
407 3187 512 3268 cette
563 3171 772 3302 maximo,
816 3165 913 3305 seve
963 3167 1031 3276 Te
1070 3163 1138 3273 Te
1177 3204 1301 3270 unum
1341 3171 1447 3307 spe-

367 3323 534 3456 lieru,
564 3317 661 3456 five
699 3320 807 3430 Tua
834 3327 1092 3466 splendorem
1113 3319 1328 3454 Familia,
1369 3361 1444 3426 cu-

324 3467 478 3608 *⁴¹de
520 3507 638 3580 tauta
690 3481 820 3584 omuiv
849 3511 966 3586 atate
1005 3484 1185 3618 dignitas
1211 3473 1332 3618 suit,
1372 3507 1442 3579 at·

400 3669 480 3771 que
517 3635 756 3776 amplitudo
769 3709 791 3772 ,·
836 3669 884 3740 ut
922 3641 1221 3779 quanticunque
1269 3640 1439 3736 loomres

538 3835 541 3842 ¹
1221 3819 1358 3928 'exop-
