3110 4662
146 387 252 502 grelli
285 413 369 472 uon
392 379 559 466 fuissent
579 377 786 470 doctissimi
811 389 1054 474 Geometra:
1086 384 1197 501 quast

26 549 27 552 κ
149 535 243 590 vero
285 505 428 592 iisdem
472 502 682 616 principiis
723 505 764 588 in
806 501 953 617 dispari
1001 505 1197 594 scribendi
1283 593 1284 599 g

23 642 26 665 ³
151 623 413 710 methodo&
446 619 602 734 printi,
630 623 668 706 8<
699 619 888 735 postremi
919 623 1091 710 insrllere
1114 651 1197 710 non

154 739 390 856 poeninen.
422 738 563 827 Fuerit
580 736 647 824 illa
670 737 762 828 sane
783 741 1053 852 quorumdam
1076 742 1196 856 scrip·

159 885 291 944 torum
321 860 458 961 labes,
498 857 605 969 qui,
644 855 741 942 durn
781 858 1060 974 perspicuitati
1105 863 1197 976 plus·

163 979 284 1068 nimio
324 978 570 1092 indulgent,
608 977 887 1066 Geometriam
930 980 994 1064 vel
1036 979 1197 1064 sustule-

161 1123 273 1200 runt,
309 1096 375 1182 vel
407 1120 683 1203 enervarunt3
725 1123 797 1182 nec
832 1124 928 1180 vero
959 1098 1028 1182 alii
1059 1095 1195 1184 defue·

159 1240 271 1318 runt,
302 1216 376 1325 qui
415 1213 542 1298 studio
576 1211 738 1326 rigoris,
778 1242 902 1326 quern
935 1240 1110 1321 vocant,
1149 1215 1198 1300 in·

91 1351 100 1361 “
159 1331 462 1418 demonstrando
491 1325 572 1414 alid
601 1329 797 1445 prolapfi,
821 1335 1099 1420 Geometriam
1118 1331 1194 1418 slu-

158 1451 268 1540 diolis
311 1451 426 1540 velut
466 1477 566 1534 onus
606 1452 743 1539 Aetna
774 1450 935 1564 gravius
967 1452 1193 1538 effecerintt

158 1571 313 1684 Siquis
341 1597 437 1654 vero
466 1567 507 1652 in
534 1567 611 1652 hoc
641 1569 796 1680 Euripo
825 1569 1062 1656 constitutus
1092 1596 1194 1660 ruma

156 1716 278 1798 quam
311 1687 465 1774 medius
490 1686 598 1770 inter
620 1684 715 1770 duas
731 1689 866 1799 Syrtes
883 1689 1076 1805 naviget,
1097 1689 1196 1773 utri·
1236 1727 1238 1732 ·

154 1806 277 1920 usque
308 1803 513 1891 facultatis
544 1805 743 1919 particeps
764 1865 785 1909 ,.
811 1806 991 1892 neutrius
1026 1806 1195 1922 periculi

156 1954 318 2040 expers,
350 1952 420 2010 na·
441 1953 516 2037 ego
541 1922 655 2009 illurn
681 1925 888 2038 &optimi
913 1925 1120 2029 Douoris,
1156 1929 1196 2010 lit

156 2043 307 2160 egregii
333 2045 563 2128 Geometras
583 2067 716 2153 partes
736 2071 875 2128 omnes
898 2043 1061 2157 exsequi
1082 2113 1087 2121 .
1098 2043 1195 2154 judin

158 2165 275 2248 cabo:
319 2159 431 2270 quod
456 2183 569 2244 arare
600 2160 676 2248 hac
710 2159 839 2244 nostra
871 2189 963 2245 curn
990 2159 1197 2244 extrans·
1276 2225 1279 2230 -

156 2281 304 2394 alpinis
335 2277 564 2364 hominibus
594 2279 747 2382 multi,
781 2305 868 2364 tunt
901 2279 1039 2364 etiarn*
1059 2309 1108 2364 ex
1127 2307 1197 2362 uo»

156 2397 235 2483 lltis
276 2426 360 2482 non
404 2397 521 2510 pauci
565 2425 711 2513 magna
742 2425 834 2480 cum
869 2397 987 2484 laude
1018 2394 1196 2512 persece⁶

157 2545 270 2602 runt.
333 2520 389 2600 Et
419 2517 606 2627 quamvis
638 2519 669 2600 is
698 2545 773 2630 ego
805 2544 883 2600 non
917 2515 1012 2620 slm,
1045 2541 1198 2600 uttan-

157 2660 240 2720 rum
276 2634 441 2747 possim,
470 2661 573 2737 nec,
597 2633 631 2720 =st
663 2635 842 2720 maxime
873 2633 1036 2748 possim,
1059 2631 1196 2748 praedir

158 2782 241 2840 care
272 2753 326 2838 de
359 2781 424 2840 me
454 2753 650 2862 audeam;
696 2753 805 2838 malo
839 2777 974 2836 tamen
1011 2781 1105 2837 cunr
1135 2747 1197 2834 iis.-

157 2873 241 2956 dem
268 2869 531 2984 scriptoribus
562 2899 704 2984 parum
726 2871 891 2970 timidus
910 2870 1036 2954 videri
1058 2871 1098 2956 in
1120 2869 1194 2952 hac

157 2989 289 3074 eadem
308 2989 555 3075 Geometria
585 2988 725 3074 semita
756 2988 953 3092 ineunda,
983 3015 1106 3100 quam
1138 2987 1195 3070 ni-

25 3097 27 3118 ”
157 3107 285 3192 mium
311 3109 487 3221 prudens
520 3107 728 3195 Euclidaeis
759 3106 869 3220 quast
903 3105 1075 3220 vestigiis
1108 3133 1197 3217 per·

157 3222 377 3338 sequendis.
922 3297 925 3306 r
1004 3299 1007 3308 .

266 3343 404 3460 Quid?
436 3342 584 3456 quod,
615 3369 659 3429 ut
690 3343 865 3430 satietati
899 3343 1103 3427 Tirenum
1132 3369 1196 3424 oc·

155 3489 365 3570 currerem,
399 3492 514 3577 quos
539 3462 667 3546 adhuc
699 3463 869 3548 minime
900 3458 1196 3577 percellitrspe·

143 3581 335 3672 culatricis
361 3581 623 3672 Geometriae
656 3581 941 3693 pulchritudo,
986 3579 1197 3664 elementis

127 3735 259 3825 prope
289 3702 475 3824 sagulis
506 3696 721 3896 adjeciptus
752 3729 823 3808 ea,
854 3728 940 3813 quae
962 3700 1012 3785 ab
1036 3699 1113 3828 illis
1134 3695 1196 3778 de·

686 3847 715 3924 4
848 3887 854 3898 .
1036 3841 1140 3898 rtru-
