3110 4662
263 383 987 524 LECTORIA

265 745 332 826 On
363 767 480 824 eram
504 737 656 824 nescius
675 768 801 854 quarn
823 740 975 826 difficili
996 741 1038 826 in
1062 742 1151 828 loco

100 743 262 1017 N
294 858 476 944 versetur
496 887 637 942 eorum
653 859 867 964 industria,
886 860 958 974 qui
974 859 1151 949 studiosis

289 973 612 1064 adolescentibus
635 980 911 1064 Geometriam
933 978 1152 1066 elementa·

112 1127 195 1184 rern
226 1097 303 1180 hoc
338 1121 528 1207 tempore
565 1095 719 1182 tradere
755 1096 1068 1212 aggrediuntur3
1102 1127 1149 1183 ac

115 1215 272 1302 verebar
296 1213 505 1298 interdum
540 1239 779 1328 nezpropter
810 1213 1032 1330 disparem,
1062 1244 1151 1327 quae
1317 1297 1320 1304 .

116 1331 257 1444 jamdiu
283 1331 485 1433 invaluit,
516 1329 635 1441 hujus
650 1332 865 1447 disciplinae
888 1333 1151 1440 methodum,

117 1451 237 1536 noller
266 1451 332 1534 hic
364 1448 480 1532 labor
504 1447 546 1531 in
578 1450 705 1534 varias
742 1450 1063 1565 reprehensiones
1092 1453 1151 1542 in·

118 1591 308 1652 curreret.
366 1571 500 1652 Erunt
528 1566 679 1678 aliqui,
709 1573 747 1654 8<
777 1569 1016 1683 hi‘quidem
1048 1569 1151 1655 anti·

119 1688 277 1798 quitatis
309 1683 631 1789 retinentilsrmi,
671 1687 742 1799 qui
769 1686 900 1772 solum
934 1685 1146 1775 Euclidem

120 1804 273 1919 pralegi
296 1804 428 1918 pueris
452 1827 639 1916 oportere
661 1830 830 1918 putent,
863 1805 989 1890 alium
1011 1831 1149 1919 praete·

117 1951 177 2008 rea
206 1925 436 2012 neminem-‚z
468 1949 662 2038 magnum
696 1951 870 2026 nornen,
899 1927 939 2008 8<
973 1927 1150 2038 antiquar

118 2039 241 2154 gloria
260 2038 377 2123 sama
398 2041 641 2145 verendum,
661 2068 708 2126 ae
737 2070 846 2155 pane
867 2039 1046 2146 sacrum,
1069 2049 1151 2132 Eu·

19 2221 21 2266 ,
118 2159 255 2245 elidem
290 2153 393 2242 else:
433 2180 633 2270 quotquot
666 2157 870 2244 retroasiis
904 2157 1049 2248 saeeolis
1082 2163 1152 2244 flo-

120 2301 280 2362 ruerunt
309 2277 558 2379 Geometras,
588 2277 639 2360 ab
670 2273 788 2387 hujus
819 2275 1054 2381 elementis,
1086 2305 1158 2364 ve·

118 2391 173 2478 lut
191 2423 215 2479 a
234 2393 444 2478 communi
463 2394 641 2505 quodam
663 2395 904 2480 Geometriae
925 2394 1043 2497 ludo,
1061 2424 1152 2510 pro·

123 2509 239 2597 diilse:
256 2511 367 2596 nesae
387 2512 556 2624 proinde
577 2509 649 2597 esse
670 2514 721 2596 ab
742 2512 823 2624 ejus
844 2509 1043 2615 sormula,
1057 2541 1151 2627 prar-

122 2625 340 2744 scriptoque
365 2627 599 2715 desciscere.
644 2627 768 2746 Quod
799 2629 825 2714 sr
851 2631 987 2744 paullo
1013 2631 1152 2718 durior

121 2749 256 2832 Tironi
284 2747 469 2832 videatur
488 2747 700 2855 Euclides„
732 2748 809 2834 hoc
830 2747 914 2861 ipso
930 2772 1067 2840 tamen
1086 2778 1152 2834 ex·

119 2867 337 2976 perimente
372 2865 535 2978 probari
572 2865 683 2978 ajunt
713 2867 1012 2954 adolescentum
1041 2867 1152 2983 inge.

118 2981 209 3084 nia,
232 2988 270 3072 8<
294 3003 510 3096 tamquam
544 2983 655 3095 lydio
686 2984 819 3100 lapide
850 3013 916 3070 eos
949 2985 1152 3099 explorari

117 3096 208 3300 {ane
229 3131 397 3215 pancos,
429 3104 502 3214 qui
522 3103 572 3188 ad
593 3105 871 3192 Geomerriam
896 3105 982 3196 nati
1001 3102 1150 3198 sedive

145 3243 216 3304 nt.

225 3337 339 3424 Alios
377 3337 511 3424 etiam
552 3337 710 3424 loturos
744 3337 918 3455 suspicor
948 3338 1076 3454 magis
1106 3367 1158 3428 as

19 3507 36 3546 .
117 3479 209 3564 quoe
235 3453 567 3572 reprehensores,
596 3459 669 3570 qui
696 3457 833 3543 alienae
863 3456 1029 3570 quidem
1066 3485 1174 3546 mo«.

113 3570 208 3658 dum
232 3585 303 3660 no'n
327 3597 496 3692 ponant
517 3575 735 3679 industria,
765 3575 872 3670 seda
894 3575 1150 3690 scriptoribus

112 3687 223 3808 hujus
250 3697 320 3782 reti
342 3693 496 3798 Italis,
524 3695 562 3786 l<
591 3693 872 3808 Transalpinis
896 3693 954 3780 ita
974 3693 1152 3780 elabora-

19 3819 21 3892 l
580 3811 607 3901 b
1002 3835 1093 3901 turn
