3110 4662
134 441 299 514 Definitio.

105 761 300 832 rostrorum.

146 1079 299 1148 Axioma.

133 3087 246 3160 Linea.

367 267 395 335 4
627 233 1050 302 Geomernrn

423 361 481 410 ro.
507 328 748 406 Definitiones
773 322 947 399 voeabula
973 322 1060 397 artis
1080 325 1286 426 explicant,
1313 351 1358 400 ne

321 442 358 516 in
385 439 456 540 ipsa
481 428 697 508 traiiatione
724 427 810 516 fiat,
838 445 877 500 ut
897 422 1132 523 ambiguitate
1152 426 1359 516 nominum,

320 561 381 618 aut
405 532 620 614 obscuritate
646 523 918 616 circumventi,
955 524 992 598 in
1019 525 1269 626 paralogismos
1303 525 1361 598 in·

321 641 724 814 crdanptpp·possulamm
752 723 920 827 estquod
947 721 1050 797 facili
1078 721 1155 798 fieri
1176 723 1266 824 polle
1287 750 1362 800 ma.

322 839 485 920 nifestuns
511 833 607 912 est..

425 964 483 1014 12.
510 931 730 1022 Animata,
754 926 813 1002 seu
828 949 1031 1000 communes
1045 921 1155 998 animi
1172 921 1362 1014 notiones,

322 1067 409 1150 quas
436 1031 603 1141 praelati
628 1029 773 1104 Tullius
794 1025 1053 1116 Pronuntiare,
1080 1024 1136 1098 seu
1156 1023 1275 1097 Effata
1295 1048 1362 1096 vo·

321 1167 412 1235 cat,
446 1138 615 1212 dicuntur
640 1130 813 1204 veritates
838 1126 943 1217 illa,
976 1149 1054 1227 quae
1083 1149 1154 1196 non
1181 1122 1292 1196 solnm
1321 1122 1359 1194 in

323 1240 471 1322 scientia
497 1231 696 1338 proposita,
725 1226 781 1300 sed
809 1225 918 1300 etiam
945 1225 983 1298 in
1008 1223 1173 1298 omnibus
1199 1221 1280 1295 aliis
1306 1219 1360 1294 ita

322 1337 511 1422 manifestae
537 1337 639 1424 sunt,
675 1353 714 1406 ut
741 1328 785 1401 ab
810 1325 861 1401 eis
886 1325 984 1400 nulla
1010 1323 1151 1398 ratione
1177 1320 1359 1396 dissentire

324 1462 432 1556 queat
457 1441 511 1533 is,
535 1435 599 1540 qui
625 1431 697 1535 ipso
722 1427 895 1505 vocabula
923 1422 1020 1501 serre
1040 1422 1260 1526 perceperit.

754 1627 923 1708 Scholion.
967 1661 976 1678 ·

403 1851 483 1920 Orto
507 1845 545 1918 in
569 1835 794 1939 hujuscemodi
813 1832 997 1931 principiis
1021 1827 1196 1904 tradendis
1219 1824 1274 1900 bic
1291 1825 1367 1900 ordo

420 1945 655 2047 servabitur,
689 1957 729 2011 at
761 1940 798 2009 in
832 1933 891 2008 bre
914 1934 1022 2028 primo
1047 1929 1243 2004 Gernrerriae
1268 1927 1367 2002 adita

322 2067 548 2150 proponantur
576 2043 750 2140 principia
786 2038 851 2110 toti
878 2027 1033 2132 scientia
1068 2032 1251 2104 communia
1274 2054 1306 2118 ,ἡ
1329 2030 1368 2099 in

325 2153 406 2228 aliis
428 2168 541 2224 autern
566 2145 796 2217 elementorum
824 2135 922 2205 libris
947 2157 988 2204 ea
1012 2150 1218 2225 exponantur
1238 2130 1367 2223 princi·

321 2258 410 2350 pia,
436 2273 511 2346 qrne
533 2241 692 2342 proprii,
719 2245 767 2311 Θ·
791 2230 961 2327 peculiari
988 2228 1136 2326 quadam
1164 2231 1292 2301 ratione
1322 2225 1367 2300 ad

327 2354 504 2425 materiam
529 2342 662 2418 illatum
681 2327 1051 2438 subjeiiantaidentnr
1066 2327 1240 2425 spoliare.

584 2496 1148 2615 ΔυιῑιῖιΝιΤΙοΝΕε.

333 2777 391 2850 13.
502 2699 574 2820 Ria
600 2743 703 2833 sunt,
724 2761 805 2911 pue
824 2727 1062 2808 mensurandis
1080 2724 1285 2828 corporibus
1305 2721 1367 2796 ad·

328 2901 330 2908 ·
530 2844 697 2920 hibentur
750 2833 980 2911 imensronum
1008 2851 1158 2930 genera:
1195 2822 1368 2922 Longitu·

328 2953 397 3048 do,
422 2945 621 3035 Latitudo,
646 2941 683 3015 &
709 2934 956 3012 Profunditas.

399 3101 402 3108 ι
428 3075 488 3145 14.
502 3041 709 3142 Longitudo,
728 3064 803 3138 qna·
817 3055 925 3108 mente
938 3033 1141 3126 concipiatur
1156 3025 1267 3098 veluti
1277 3044 1365 3119 pra-

328 3152 399 3254 tisa
417 3181 440 3228 a
457 3147 664 3238 latitudine,
692 3141 740 3219 Θ·
753 3131 1010 3238 profunditate,
1034 3129 1161 3204 dicitur
1180 3127 1292 3199 linea.

762 3337 931 3414 Scholion.

430 3554 497 3627 Uret
525 3551 633 3624 lineas
660 3543 782 3632 audis,
806 3565 869 3613 nnn
892 3561 950 3610 eas
960 3529 1070 3634 fislirnt
1088 3529 1262 3626 inteiligas
1281 3547 1370 3624 opor-

455 3673 526 3748 tet,
551 3675 628 3750 qua
645 3661 828 3722 atramento
846 3643 883 3714 in
900 3634 1041 3729 rbarta,
1068 3653 1129 3708 ant
1149 3633 1221 3708 alia
1241 3631 1370 3701 ratione

1202 3727 1321 3833 descri-
