3104 4650
501 485 813 556 Beneuentum
838 485 883 556 V.

265 671 317 742 De
332 671 480 757 Mensura
491 670 715 761 superficierum
734 671 935 759 Pyramidit,
959 669 1002 738 (θ’
1016 673 1112 742 Cori.

174 851 509 1008 Theor.SUperficies
528 851 701 941 pyramidis
718 853 828 938 testae,
844 853 878 923 dt
897 853 1049 944 regularis
1071 871 1213 943 aequatur

358 943 540 1032 triangulo,
565 944 655 1024 cujus
679 943 818 1013 altitudo
838 943 873 1013 stt
894 945 1021 1032 aequalis
1044 945 1215 1014 altitudini

221 1034 374 1124 trianguli
392 1035 553 1119 cuiulvis,
577 1035 612 1112 bc
631 1035 724 1117 cujus
746 1037 821 1104 bases
839 1036 876 1104 lit
896 1035 1023 1124 aqualis
1039 1038 1213 1126 perimetro

179 1197 183 1204 ,
223 1126 297 1194 basus
318 1127 510 1213 pyramidis3

175 1217 259 1300 Vel,
283 1237 425 1304 aequatur
446 1216 742 1306 parallelogrammo
761 1219 817 1287 sub
835 1219 944 1288 eadem
964 1217 1159 1302 altitudine,
1178 1215 1214 1286 dt

220 1308 311 1386 cujus
331 1309 405 1376 bafia
423 1309 458 1376 stt
478 1309 605 1376 lemillis
625 1309 765 1390 ejusdcm
785 1310 969 1400 perimetri.

175 1403 286 1467 Coroll.
310 1400 399 1468 Hinc
412 1400 564 1468 dimcnfio
583 1399 744 1480 ejusdem.
1202 1449 1211 1468 .

175 1492 284 1558 Caroli.
309 1491 519 1559 Semisumma
547 1493 710 1578 perimetri
741 1491 856 1561 balium
882 1490 1092 1580 oppositarum
1121 1491 1215 1562 dubia

220 1581 254 1648 in
273 1580 477 1650 altitudinem
493 1583 689 1670 superficiei,
708 1583 796 1651 dabit
820 1583 1014 1671 superficiem
1031 1583 1137 1651 trunci
1159 1607 1216 1671 pp·

221 1671 383 1740 ramidalis
397 1673 549 1762 regularis
563 1676 649 1744 inter
663 1675 739 1744 duas
755 1672 840 1744 bases
850 1671 1035 1764 parallelae,
1049 1697 1217 1762 noncom-

224 1761 378 1850 prehenfis
395 1764 531 1833 basibus.
1162 1789 1217 1854 92.

179 1856 289 1922 Coreli.
315 1857 402 1926 Hinc
431 1857 609 1943 superficies
633 1857 707 1927 coni
730 1858 833 1942 redii,
858 1857 891 1926 δι
915 1855 1054 1939 ejusdem
1074 1857 1220 1927 truncati

225 1944 263 2012 ad
283 1945 367 2016 bases
394 1948 573 2036 parallelas.
1114 1953 1118 1960 '
1162 1971 1217 2036 94.

178 2037 284 2106 Theon
308 2041 494 2126 superficies
514 2043 587 2110 coni
604 2041 680 2112 redii
697 2039 739 2108 est
756 2039 794 2107 ad
810 2038 1006 2130 superficient
1025 2039 1138 2109 circuli
1163 2041 1219 2107 ba-

224 2127 310 2211 seos,
336 2131 384 2198 uti
404 2130 543 2199 altitudo
563 2133 623 2200 luae
639 2130 813 2216 superficiei
829 2134 871 2198 est
890 2133 928 2200 ad
944 2131 1067 2198 radium
1078 2131 1219 2210 ejusdem

224 2218 356 2287 circuli.
1165 2243 1219 2309 95.
1322 2245 1324 2252 ·

180 2308 287 2378 There.
311 2309 498 2396 Superficies
530 2311 670 2398 circuli,
695 2312 785 2394 cuius
810 2314 915 2382 radius
941 2312 977 2382 lit
1004 2310 1127 2380 medius
1147 2336 1221 2400 pro·

225 2399 413 2487 portionalis
432 2403 518 2472 inter
536 2402 742 2473 altitudinem
763 2405 936 2492 superficiei
956 2401 1094 2486 conicae,
1113 2404 1147 2472 δι
1172 2427 1221 2471 ra·

226 2491 314 2559 dium
335 2491 408 2560 bulis
425 2495 520 2580 coni,
539 2515 681 2584 aequatur
700 2495 874 2586 superficiei
889 2495 1028 2579 ejusdem
1048 2495 1142 2564 coni.
1166 2498 1220 2582 96.

495 2675 811 2750 Ecetranorum
836 2682 906 2750 VI.

602 2863 805 2955 DeSphaera.

185 3046 258 3134 Des.
359 3045 426 3112 Uid
444 3043 480 3111 fit
497 3043 641 3133 Sphaera,
655 3047 837 3132 Centrum,
853 3045 975 3114 Radius
988 3043 1220 3136 &c.,genefis,

382 3160 419 3205 ac
438 3137 624 3224 compositio
643 3137 789 3224 sphaera,
814 3139 922 3208 Sedlor
941 3137 1005 3207 bec.
1075 3148 1079 3155 '
1166 3161 1220 3225 99.

184 3231 309 3298 Lemma
348 3274 355 3292 .
379 3228 411 3296 Si
425 3227 588 3314 cylindrus
604 3227 706 3300 renus
720 3226 843 3318 sphaerae
862 3230 1162 3312 circumscribatur,
1185 3229 1223 3298 &

229 3318 392 3405 utriusque
418 3342 562 3388 convexa
589 3319 766 3409 superficies
785 3321 907 3390 secetur
919 3318 1021 3410 planis
1037 3320 1097 3388 basr
1116 3316 1223 3406 cylin·

229 3409 277 3476 dri
294 3407 470 3496 parallelis,
495 3411 529 3479 ἃ
553 3410 732 3482 intervallis
751 3411 879 3481 infinite
903 3414 1028 3501 parvis,
1051 3435 1140 3480 zonae
1159 3410 1221 3481 ele·

230 3500 391 3570 titentarcs
420 3503 581 3591 utriusque
609 3525 759 3574 convexa
779 3503 953 3593 superficiei
972 3521 1067 3572 erunt
1086 3525 1220 3572 numero

231 3591 383 3678 aquales.
1147 3617 1220 3684 103.

187 3685 311 3754 Lemma
333 3687 378 3756 ll.
404 3685 519 3756 Iildem
543 3687 717 3776 stantibus,
741 3709 830 3760 zonae
844 3688 1052 3763 elementares
1069 3688 1221 3774 utrinque

1113 3779 1173 3856 de·
