3054 4662
467 473 779 546 Eremrrrrunr
804 475 848 546 V.

231 660 283 730 De
299 660 446 746 Mensura
458 659 681 750 superficierum
700 661 900 748 Pyramidir,
924 659 967 728 (J
981 663 1061 731 Curti
1069 709 1078 727 .

139 839 475 998 Theor.SUpcrficies
494 839 667 929 pyramidis
683 841 794 928 resta,
809 841 844 912 dt
862 843 1014 932 regularis
1036 859 1178 932 aequatur

324 931 506 1021 triangulo,
530 933 620 1013 cujus
645 931 785 1002 altitudo
804 931 839 1002 lit
860 933 986 1022 aqualis
1009 933 1179 1003 altitudini

188 1022 340 1112 trianguli
357 1024 519 1108 cujusvis,
543 1023 577 1092 dc
597 1023 689 1106 cujus
711 1025 787 1094 bafis
805 1025 841 1094 stt
861 1024 988 1113 aequalis
1004 1027 1178 1115 perimetro

12 1129 17 1188 l
145 1115 263 1192 ‚bafis
284 1116 476 1202 pyramidis,

12 1195 13 1210 ¹
140 1206 226 1290 Vel,
249 1226 391 1294 aequatur
413 1205 708 1296 parallelogramma
727 1207 783 1276 sub
800 1208 909 1278 eadem
930 1205 1123 1291 altitudine,
1143 1205 1178 1274 de

186 1298 276 1377 cujus
297 1298 371 1365 bafis
389 1297 423 1366 fit
444 1298 571 1366 semissis
590 1298 730 1379 ejusdcm
750 1299 934 1388 perimetri.
1032 1316 1107 1390 pag.
1124 1301 1177 1364 88.

12 1407 14 1448 1
140 1391 252 1456 Coroll-
277 1387 710 1470 Hincdimenlioejusdem.
1120 1393 1175 1474 89.

141 1481 250 1546 Coroll.
275 1480 484 1548 Semisumma
513 1481 675 1566 perimetri
705 1479 821 1548 basium
846 1479 1058 1568 oppolitarum
1086 1480 1180 1548 dueta

186 1571 221 1636 in
239 1569 444 1640 altitudinem
460 1571 654 1658 superficiei,
673 1571 761 1640 dabit
784 1571 980 1660 superficiem
995 1572 1102 1639 trunci
1124 1597 1180 1659 py-

188 1661 349 1729 ramidalis
364 1661 514 1751 regularis
529 1664 614 1732 inter
628 1663 705 1732 duas
720 1663 806 1732 bases
815 1659 1000 1752 parallelas,
1014 1685 1079 1732 uon
1090 1687 1181 1731 com·

189 1751 344 1838 prehensis
361 1753 497 1822 bafibus.
1126 1777 1181 1842 92.

12 1875 13 1886 κ
145 1845 255 1910 Coroll.
281 1844 368 1913 Hinc
397 1845 574 1931 superficies
599 1845 672 1916 coni
696 1845 798 1930 redii,
822 1845 856 1914 δι
879 1844 1019 1929 ejusdem
1039 1845 1184 1916 truncati

191 1933 228 1999 ad
249 1932 333 2005 bases
359 1935 539 2024 parallelas.
1079 1941 1083 1948 ’
1127 1960 1181 2024 94.

144 2026 175 2094 T
176 2025 250 2090 herr.
275 2028 460 2113 Superlicies
479 2031 552 2098 coni
569 2028 645 2100 refili
662 2027 703 2096 est
720 2027 759 2095 ad
775 2027 970 2117 superficiem
990 2027 1102 2096 circuli
1128 2029 1184 2096 ba-

190 2115 289 2271 scos,¹
302 2120 350 2186 uti
369 2117 509 2186 altitudo
528 2119 588 2188 sure
605 2118 778 2205 superficiei
794 2121 835 2186 ell
855 2121 893 2188 ad
909 2119 1032 2187 radium
1043 2119 1183 2200 ejusdem

191 2228 277 2274 ctrcu
293 2233 322 2272 ι.
1129 2231 1184 2298 95.
1285 2233 1289 2240 ’

147 2295 253 2364 Theor.
278 2297 464 2384 Superficics
496 2299 635 2384 circuli,
661 2300 750 2382 cujus
775 2302 879 2370 radius
906 2301 942 2370 stt
970 2297 1091 2369 medius
1111 2323 1185 2388 pto·

192 2387 379 2474 portionalis
397 2389 484 2459 inter
502 2389 707 2461 altitudinem
728 2393 901 2479 superficiei
921 2391 1058 2474 conica,
1077 2391 1112 2460 δι
1137 2415 1185 2459 ta·

192 2478 281 2546 dium
301 2478 375 2547 bans
392 2483 486 2567 coni,
505 2501 646 2570 equatur
665 2481 840 2572 superficiei
855 2483 993 2567 ejusdem
1013 2483 1106 2552 coni.
1130 2486 1185 2570 96.

461 2663 776 2738 Erunrattruar
801 2670 870 2736 VI.

568 2849 621 2918 De
631 2849 750 2942 sphera
761 2899 770 2916 .

13 3055 17 3122 ᾗ
151 3033 224 3120 Des.
324 3031 392 3100 Uid
409 3029 446 3098 fit
463 3029 607 3120 Sphara,
621 3033 802 3116 Centrum,
818 3032 940 3102 Radius
953 3029 1185 3122 &c·,genes1s,

348 3147 384 3191 ac
404 3123 589 3210 compositio
608 3123 754 3211 sphaetae,
779 3125 888 3196 Sedlot
906 3125 970 3194 dec.
1130 3147 1184 3212 99.

13 3269 15 3294 ‚
152 3216 276 3284 Lemma
314 3262 322 3278 .
345 3214 377 3282 si
392 3210 553 3300 cylindrus
570 3215 671 3286 tesius
686 3215 809 3304 sphaetae
827 3217 1126 3299 circumscribatur,
1149 3217 1186 3286 dt

13 3301 14 3314 ¹
196 3303 358 3391 utriusque
385 3327 528 3374 convexa
555 3307 731 3396 superficies
749 3309 871 3377 secetur
884 3304 985 3396 planis
1002 3306 1062 3376 bast
1081 3305 1187 3394 cylin-

13 3427 19 3498 ι,
197 3395 245 3462 dri
260 3393 436 3483 parallelis,
460 3396 494 3465 de
519 3394 698 3468 intervallis
716 3397 843 3468 infinitd
867 3401 993 3487 parvis,
1016 3421 1105 3467 zonae
1123 3397 1186 3469 ele·

197 3485 358 3645 titentlares
386 3488 546 3577 utriusque
575 3511 725 3560 convexae
745 3490 918 3580 superficiei
937 3509 1032 3559 erunt
1051 3514 1184 3560 numero

198 3600 285 3664 aqua
297 3601 349 3646 es.
1112 3605 1184 3672 ¹03·

154 3670 277 3739 Lemma
301 3672 344 3741 Il.
370 3669 485 3742 lisdem
509 3673 683 3762 stantibus,
707 3697 796 3746 zonae
809 3675 1017 3750 elementares
1033 3675 1184 3762 utrinque

14 3799 22 3872 p
1077 3767 1138 3842 de·
