3054 4662
428 395 528 480 dunt,
554 394 588 462 dr
618 409 693 460 ante
721 392 819 460 finem
849 385 1002 476 temporis
1021 382 1108 454 illius
1128 391 1266 476 propius
1288 393 1335 461 ad
1355 395 1435 466 inri-

426 512 495 556 cem
513 485 688 565 accedunt,
706 485 803 572 quam
828 505 884 570 pro
901 483 973 548 data
989 479 1103 566 quavis
1118 478 1344 570 differentia,
1360 490 1434 557 fiunt

427 577 546 658 ultimo
564 575 715 665 aquales.
1267 595 1350 667 pag.
1369 587 1430 664 πός.

380 673 505 740 Lemma
529 672 573 738 ll.
599 672 662 738 Ill·
686 668 720 736 de
744 669 853 736 Corall.
880 667 927 732 De
951 661 1077 732 ultimis
1099 661 1294 735 rationibus
1311 671 1430 756 aequali

426 762 522 844 tatis,
549 782 585 828 ac
609 758 647 828 de
674 759 913 826 exhaustionum
931 753 1061 837 limite,
1086 755 1120 820 in
1133 753 1240 844 figura
1253 765 1428 846 quavisre.

424 852 506 937 etis,
529 850 564 920 δι
588 852 696 922 curvis
715 847 958 936 comprehensa.
1365 877 1428 938 170.

380 945 504 1016 Lemma
528 943 578 1012 W.
602 942 635 1009 Si
660 942 693 1009 in
716 939 877 1030 pyramide
896 935 1126 1020 inscribantur,
1158 939 1194 1008 ἃ
1221 941 1427 1012 circumscri-

427 1035 543 1102 bantur
562 1031 711 1120 prilmata
729 1053 933 1121 quotcunque
954 1026 986 1095 in
1006 1029 1193 1114 inlinitum,
1224 1033 1362 1103 ultima
1384 1061 1427 1102 ra·

426 1125 551 1208 tiones,
575 1147 650 1211 quas
670 1124 789 1195 habent
811 1122 894 1192 adse
915 1122 1054 1188 invicem
1070 1121 1223 1208 prismata
1246 1126 1424 1212 inscripta,

425 1216 693 1303 circumscripta,
729 1217 763 1286 δι
792 1211 958 1302 pyramis,
989 1211 1061 1279 sunt
1090 1212 1237 1283 rationes
1269 1218 1426 1304 aequaliea

426 1326 489 1376 trs.
1360 1333 1425 1396 174

380 1401 505 1470 Lemma
529 1401 562 1468 V.
587 1398 812 1484 Pyramidum,
836 1397 870 1466 ἃ
902 1395 1118 1482 prismatum,
1151 1419 1224 1483 quae
1250 1403 1367 1482 conis,
1395 1402 1424 1467 Ze

304 1555 313 1574 ,
426 1490 580 1576 cylindris
612 1492 645 1558 in
671 1490 835 1572 infinitum
860 1488 1104 1567 inscribuntur,
1134 1489 1285 1560 rationes
1312 1493 1424 1561 ultima

426 1605 500 1650 cum
531 1581 641 1650 iisdem
670 1583 781 1665 conis,
805 1581 840 1650 δι
869 1579 1022 1666 cylindris
1046 1579 1118 1646 lunt
1139 1582 1291 1652 rationes
1305 1583 1425 1672 aquali·

429 1687 531 1742 tatis.
876 1705 882 1714 ·
1362 1695 1425 1764 ¹75·

382 1767 566 1854 Exemplum
590 1769 616 1834 1.
642 1764 825 1848 Pyramides
850 1761 1060 1850 triangulares
1082 1765 1170 1850 aequd
1197 1762 1275 1834 altae
1300 1790 1371 1836 am
1387 1770 1426 1831 in

427 1877 477 1923 ter
496 1857 524 1924 se
545 1856 785 1943 proportionem
802 1853 1051 1942 habent,quam
1068 1854 1177 1922 bases.
1359 1863 1425 1941 176.
1476 1858 1481 1925 ἶ

380 1944 562 2035 Exemplum
587 1950 631 2014 ΙΙ.
655 1947 825 2014 Conorum
849 1947 937 2034 aequd
959 1946 1098 2016 altorum
1127 1950 1304 2036 proportio
1326 1951 1426 2019 eaden

425 2037 495 2122 ell,
519 2059 589 2124 qua
609 2036 743 2106 basium.
1359 2063 1421 2130 ¹77·

657 2177 709 2246 De
726 2176 871 2246 Malam
889 2173 1150 2262 Indimfibilium.

379 2315 511 2382 Summa
531 2313 632 2383 totius
652 2313 819 2397 methodi,
840 2313 967 2401 eiusque
986 2315 1076 2384 ulus.
1361 2321 1425 2404 178.
1475 2223 1487 2316 i

380 2405 524 2474 Examen
541 2403 683 2473 methodi
706 2404 974 2475 Indivilibilium.
1361 2417 1424 2498 185·
1485 2463 1487 2528 p

471 2545 523 2614 De
539 2543 685 2612 Methodo
701 2543 938 2627 Exhaustionum
956 2548 996 2613 ab
1014 2547 1152 2636 antiquis
1169 2547 1345 2615 Geometris
1479 2531 1487 2606 l

465 2650 469 2662 ’
606 2633 768 2717 adhibita,
786 2636 931 2722 Euclide,
946 2634 989 2704 (Ὺ
1004 2639 1204 2708 Archimede.

1485 2655 1487 2688 l

379 2770 521 2840 Euclidis
544 2773 694 2839 Lemma.
730 2828 735 2842 .
1358 2783 1422 2860 ryd-
1481 2697 1487 2792 l

379 2865 539 2932 Veterum
561 2864 593 2930 in
614 2863 857 2932 demonstrando
879 2866 1061 2935 circuitus.
1358 2871 1422 2954 198.
1485 2883 1487 2954 y

380 2955 540 3022 Indircdla
559 2955 779 3042 Antiquorum
798 2956 1030 3025 demonstrandi
1055 2957 1139 3026 ratio
1162 2959 1339 3028 confertur
1357 2981 1423 3027 cunr
1485 2955 1487 3036 i

424 3045 543 3116 diredla
568 3045 832 3130 Recentiorum,
864 3049 898 3118 δι
931 3049 1084 3137 exemplis
1123 3067 1263 3138 utraque
1294 3050 1424 3119 illustra·
1473 3054 1487 3138 'j

425 3154 499 3205 tur.
1358 3165 1424 3228 199·
1475 3141 1487 3235 ¹l

433 3274 486 3344 De
500 3275 646 3344 Methodo
664 3277 867 3346 Newtomiana
885 3279 1127 3365 evanescentium
1148 3278 1382 3364 divifihitiam,
1485 3275 1487 3286 ’

545 3365 613 3451 five
628 3371 776 3438 rationum
790 3373 979 3458 primarum,
997 3369 1040 3438 Θ
1054 3374 1261 3442 ultimarum.

383 3503 515 3572 Summa
536 3503 813 3592 hujusmondi,
832 3505 960 3598 ejusque
979 3507 1077 3576 usus.
1364 3531 1426 3596 203.
1485 3465 1487 3488 ⁵

791 3689 1025 3759 PINIS.
