3104 4650
429 389 558 460 leuiori
579 391 714 462 duorum
734 391 919 480 planorum:
946 388 1053 460 eaden
1073 391 1156 460 tella
1175 389 1423 480 perpendiculu-

431 485 552 551 riserit
572 483 665 552 alteri
685 483 796 573 p.lano
1266 503 1339 573 pag
1371 505 1423 548 ιι.

385 574 490 641 Theon.
511 575 543 640 Si
560 575 634 641 bina
650 510 836 662 plinasrbi
827 571 967 644 rnvieenr
990 572 1263 662 perpendicularia
1285 573 1422 653 fuerint,

428 665 463 732 δι
478 689 495 732 ι
511 665 626 752 puntlo
642 667 786 734 sellionis
801 666 979 733 communis
994 666 1128 734 dueatur
1146 665 1230 733 rebla
1241 687 1340 751 ,quae
1353 686 1423 730 non

428 755 499 822 sit
491 781 524 821 ιιι
557 779 621 823 uno
648 757 783 825 duorum
814 754 999 842 planorum·
1032 757 1138 825 eadem
1163 715 1251 824 resti
1269 779 1337 824 non
1356 755 1421 822 erit

430 845 694 935 perpendicularis
710 846 802 916 alteri
823 847 935 935 plano.
1368 867 1419 932 ¹3·

519 985 570 1052 De
584 985 700 1070 occursu
715 985 878 1052 Rellarum
893 987 1104 1072 parallelorum
1119 985 1152 1053 in
1163 987 1292 1074 planum

798 1075 987 1165 superficiem
1002 1125 1010 1141 .

385 1211 535 1280 Axirma.
558 1211 658 1280 Recta
685 1213 789 1280 secans
818 1211 915 1280 tellus
936 1211 1046 1299 politas
1064 1213 1097 1279 in
1112 1212 1224 1282 eodem
1244 1211 1360 1300 ρΙιιιο,
1384 1209 1420 1276 in

434 1325 498 1369 uno
516 1303 557 1369 ell
572 1325 644 1370 cunr
663 1303 731 1390 ipsrs
752 1302 863 1390 plano.
1369 1325 1419 1391 ις.

387 1396 496 1462 Coroll.
522 1393 620 1460 neua
645 1394 748 1462 secans
777 1394 875 1463 renas
895 1393 1078 1481 parallelas,
1102 1395 1135 1461 in
1154 1395 1265 1462 eodem
1284 1395 1325 1462 ell
1345 1417 1419 1462 curn

433 1481 501 1570 ipsis
521 1483 631 1568 plano.
1343 1486 1421 1552 ibid.

386 1577 493 1642 Theon
517 1575 641 1658 Reuae,
667 1598 735 1663 quae
750 1577 821 1644 lunt
839 1575 941 1645 eidem
962 1576 1051 1645 rellae
1071 1575 1246 1663 parallelae,
1265 1575 1341 1642 licet
1354 1599 1419 1642 non

433 1691 466 1824 pn
491 1666 600 1734 eodeni
620 1689 691 1734 cunr
713 1667 767 1735 illa
781 1667 895 1756 plano,
923 1669 1019 1736 etiarn
1042 1668 1128 1736 inter
1147 1670 1176 1737 le
1196 1670 1266 1736 lunt
1286 1665 1420 1754 paralle-

446 1781 489 1822 π.
1344 1759 1420 1824 ibid.

390 1849 496 1915 Theon.
520 1849 551 1914 Si
572 1848 639 1915 dure
658 1851 766 1931 teclae,
784 1848 1022 1940 quaeangulum
1040 1849 1332 1952 comprehendant,
1351 1848 1422 1914 sue·

435 1939 501 2004 rint
526 1938 678 2023 parallelae
694 1941 815 2008 duabus
835 1941 947 2024 testie,
974 1965 1043 2028 quae
1056 1939 1206 2030 angulum
1222 1943 1339 2026 pariter
1358 1939 1422 2004 effi·

436 2030 544 2110 ciant,
569 2051 661 2096 erunt
689 2031 869 2111 hujusmodi
892 2031 1030 2120 anguli
1022 2052 1106 2102 inter
1122 2031 1317 2118 seaequales,
1345 2029 1421 2097 licet

437 2143 501 2188 non
524 2075 610 2188 sint
602 2145 635 2186 in
655 2124 765 2192 eodem
781 2122 893 2210 plano.
1370 2123 1422 2186 16.

728 2263 779 2330 De
794 2262 901 2330 Planis
910 2263 1083 2351 parallelis.

391 2397 497 2464 Theor-
521 2395 553 2464 si
583 2395 671 2464 binas
687 2397 784 2466 rellas
801 2397 1000 2486 quascunque
1021 2399 1125 2467 secent
1145 2395 1238 2485 plana
1257 2394 1423 2484 parallelo,

438 2487 557 2557 easdem
579 2487 726 2555 secabunt
742 2511 866 2576 quoque
887 2489 1190 2578 proportionaliter.
1371 2509 1424 2573 17.

391 2579 500 2644 Coroll.
520 2578 551 2644 Si
581 2576 707 2661 planum
740 2579 819 2645 lecet
850 2579 924 2648 bina
953 2580 1043 2666 plana
1063 2578 1232 2665 parallelu‚
1260 2579 1292 2646 in
1311 2601 1426 2646 eorum

434 2665 558 2768 pirgulis
574 2667 672 2752 planis
687 2691 798 2738 omnes
818 2668 879 2738 illae
897 2670 1076 2741 allelliones
1105 2669 1325 2750 habebuntur,
1357 2691 1426 2757 qur:

439 2757 563 2914 inllapg
544 2757 626 2845 gulis
653 2759 846 2846 rellilineis‚
876 2762 928 2830 ubi
956 2763 1041 2832 tella
1060 2761 1142 2830 secut
1159 2763 1247 2831 binas
1262 2719 1363 2830 tellas
1379 2784 1427 2916 pp·

437 2872 472 2916 ra
499 2871 580 2917 eas.
1378 2875 1390 2916 1

716 3035 1030 3106 Ειιιιιιιτιιιι
1057 3037 1112 3104 ΙΙ.

514 3215 565 3282 De
579 3213 700 3306 Angnlo
710 3217 827 3304 solido,
843 3220 881 3286 de
894 3219 1064 3305 Preratt,
1080 3217 1123 3285 (J
1136 3219 1305 3305 cylindro

391 3394 466 3482 Des.
566 3396 632 3464 Urd
650 3399 668 3464 s
673 3417 685 3463 ι
709 3399 854 3488 Angelus
879 3399 1013 3484 solidus,
1037 3398 1166 3486 eiusque
1184 3420 1374 3488 quantitas
1397 3401 1426 3467 lle

590 3488 771 3575 aequalitas,
792 3516 827 3558 ac
848 3512 995 3580 praeterea
1020 3491 1143 3576 reolus,
1171 3515 1307 3577 acutus,
1341 3493 1428 3560 obtu-

397 3577 513 3738 Coiill.
531 3673 559 3739 1.
583 3673 703 3744 Omnes
717 3673 825 3763 anguli
838 3672 928 3744 solidi
943 3672 1019 3742 uelli
1040 3674 1139 3742 sunt
1130 3691 1218 3744 inter
1238 3605 1426 3836 legqprppii·

442 3779 496 3828 nr.
1310 3795 1326 3836 o
1383 3814 1390 3829 ·
