3054 4662
417 335 514 386 mo
716 311 1142 397 Mssuouuss

367 411 452 510 goni
475 407 578 486 inseri
606 406 635 482 ti
655 405 814 500 circulo,
833 405 968 510 quavis
980 403 1062 482 data
1087 401 1300 500 minorem,
1333 431 1431 506 eom·

369 509 456 610 poni
477 535 524 582 ex
540 431 692 584 induitis
708 535 883 600 numero,
909 527 1016 609 atque
1037 499 1178 582 infinitd
1199 503 1358 604 parvis,
1376 505 1433 583 seu

371 607 665 686 evanescentibus
691 609 818 683 circuli
846 602 1057 706 segmentis,
1088 629 1254 706 quorum
1283 605 1430 680 chordae

368 709 447 787 sunt
479 711 593 788 latera
624 708 824 808 polygoni:
860 707 931 782 hac
962 700 1097 804 rursum
1116 702 1322 802 segmenta
1353 705 1430 780 sunt
1499 743 1505 765 ι

367 809 524 884 minima
545 809 617 883 illae
634 810 881 910 quantitates,
908 833 995 910 quas
1013 798 1160 905 secundi
1173 801 1327 908 ordinis
1351 805 1427 880 infi-

369 909 548 988 nitessnsas
567 909 691 986 dicunt
711 907 965 985 Recentiores.
1049 926 1083 1005 J
1217 975 1235 993 ,.
1312 985 1314 993 ,
1410 977 1414 988 .

469 1009 537 1085 His
551 1007 726 1086 limitibus
742 1009 832 1086 hanc
848 1005 1057 1084 methodum
1067 1001 1432 1108 ‘cincnmscripserant

369 1111 545 1203 Veterem
564 1110 762 1214 primusque
777 1109 938 1187 omnium
953 1103 1181 1195 Cavasletius
1193 1133 1296 1182 anno
1312 1101 1426 1206 1635.

371 1211 542 1286 uniuersas
561 1213 780 1286 Geometriae
800 1212 934 1312 plaute,
958 1235 999 1284 nc
1020 1205 1139 1295 solidae
1157 1203 1334 1308 eamdem
1355 1237 1433 1283 mea

366 1310 516 1384 ehodum
540 1310 758 1412 applicavit3
781 1335 888 1414 quam
901 1309 1041 1388 sucino
1056 1307 1316 1406 Geometnians,
1333 1309 1427 1386 indi-

367 1408 586 1502 nubilium,
613 1411 680 1488 hoc
706 1409 777 1502 est,
803 1409 942 1493 infinitd
973 1434 1166 1508 parvorum
1187 1407 1426 1493 nominavit.

399 1549 402 1556 ⁴
465 1511 515 1584 ΙΙ.
540 1508 636 1586 Hinc
655 1510 844 1588 methodus
863 1507 1138 1594 indivifihiliutn
1152 1534 1229 1585 non
1252 1511 1332 1584 alia
1355 1511 1427 1608 ess,

395 1610 474 1686 udm
494 1610 763 1688 exhaustionum
783 1610 972 1688 methodus
986 1633 1068 1708 anm
1140 1605 1300 1704 diodor,
1323 1611 1366 1688 δι
1383 1609 1426 1685 ad

406 1711 563 1786 lidorum
582 1711 825 1788 Theosemata
845 1709 987 1792 uberids
1003 1731 1059 1788 tta
1085 1707 1190 1804 udla-
1306 1705 1313 1716 ’

449 1813 536 1884 .ΙΙΙ.
555 1815 591 1884 A
609 1813 778 1888 methodo
796 1809 1002 1889 Cavallerii
1015 1813 1222 1904 Newtonus
1240 1836 1357 1886 voces
1372 1816 1425 1886 in·

366 1909 593 2011 divifibisium
611 1911 770 2005 sustulit,
797 1937 872 1986 rent
893 1909 1070 2002 retinuit;
1094 1910 1130 1984 dt
1157 1936 1359 2012 corporum
1390 1939 1425 1988 e·

365 2011 525 2088 lementa
544 2035 605 2112 per
620 2013 866 2094 evanescentia
886 2011 1079 2088 divisibilia
1102 2009 1327 2088 luculentids
1361 2039 1421 2089 ex·

364 2111 499 2212 plicat3
525 2110 728 2190 &linense
749 2113 917 2202 lineolis,
947 2137 1021 2190 non
1048 2137 1068 2186 e
1099 2109 1269 2211 pundiis,
1303 2113 1422 2212 super·

364 2211 461 2288 sities
481 2237 527 2290 ex
546 2213 698 2307 areolis,
718 2239 828 2290 none
849 2212 987 2303 tineis„
1001 2211 1154 2296 solidum
1169 2237 1219 2288 ex
1251 2213 1426 2312 spatiosis

365 2311 508 2406 solidis,
544 2339 615 2391 non
643 2341 662 2391 e
692 2313 935 2414 superficiebus
962 2311 1194 2413 compositum
1224 2313 1420 2412 supponit.

365 2414 473 2506 Quod
496 2413 592 2490 idem
622 2415 873 2508 Cauallerius‚
903 2411 1244 2516 uniusquidem,
1271 2413 1327 2486 sed
1347 2413 1421 2499 obp,

365 2512 495 2588 scurids
524 2514 749 2614 proposuerat
779 2540 842 2614 ptr
867 2513 1074 2588 methodum
1104 2509 1432 2588 indivisibilium.⁸

465 2613 531 2686 tv.
551 2614 748 2716 Antiquam
768 2635 888 2690 autem
909 2613 1178 2688 exhaustionum
1196 2615 1419 2688 methodum

363 2712 408 2787 ad
425 2711 609 2787 meliorem
627 2715 776 2789 sormam
795 2713 981 2790 revocavit
998 2740 1093 2788 nova
1108 2713 1327 2806 methodus,
1343 2741 1417 2817 qua

365 2815 431 2906 fit,
447 2833 486 2888 ut
506 2813 602 2888 inter
620 2815 704 2890 duas
722 2815 943 2918 quantitates
964 2815 1146 2916 equalitas
1165 2812 1304 2890 diretta
1327 2815 1416 2917 saepe

363 2911 645 3006 demonstretur,
672 2941 779 3017 quam
806 2913 1006 3006 induetis,
1032 2915 1068 2988 δε
1098 2943 1160 3014 pet·
1189 2915 1415 3013 longissimas

363 3014 528 3113 ambages
548 3015 703 3124 Antiqui
722 3041 784 3120 pet
802 3013 1049 3092 redudiionem
1068 3017 1111 3092 ad
1140 3014 1331 3090 absurdum
1360 3017 1416 3088 in·

364 3114 579 3190 veniebant.

371 3263 375 3272 -
462 3217 509 3287 V.
537 3213 673 3292 Eodem
693 3215 924 3292 fundamento
940 3215 1111 3292 innititur
1128 3238 1201 3291 tam
1218 3217 1412 3292 methodus

362 3315 637 3408 Caualleriana‚
654 3319 760 3419 qudm
781 3316 967 3392 methodus
993 3317 1283 3392 evanescentium
1315 3317 1411 3392 divi·

362 3415 538 3506 sibilium,
563 3416 620 3492 seu
639 3413 930 3494 infinitefimalis:
957 3439 1106 3522 utraque
1138 3419 1409 3517 investigationi

363 3513 411 3588 est
435 3515 631 3618 aptissima,
674 3537 824 3623 utraque
855 3517 1173 3594 demonstrationes
1205 3519 1342 3594 mirum
1368 3519 1407 3592 in

364 3617 509 3692 modum
529 3617 733 3692 contrahit.

462 3719 597 3794 V1.In
625 3741 773 3822 utraque
801 3718 973 3796 methodo
1001 3719 1228 3818 cauendum,
1256 3745 1299 3796 ne
1322 3745 1404 3792 con·
1503 3787 1505 3794 .

1271 3845 1356 3897 tem·
