3110 4662
258 437 378 529 Vidit
420 441 502 525 hoc
545 437 893 555 perspicacissimus
934 442 999 528 vit
1037 443 1078 530 Ρ.
1126 439 1194 530 Xi-

143 591 306 665 menes,
336 584 565 672 narratque
596 561 636 643 in
669 558 902 672 praefatione
934 592 1032 675 quas
1052 563 1193 648 sibi-io·

147 709 221 800 ges
251 678 516 770 observandas
550 675 730 781 duxerit,
770 677 926 784 need,
967 680 1049 793 qud
1077 681 1194 766 minis

151 829 225 884 me
262 799 411 902 veliet,
449 795 683 910 imprudens
720 795 997 882 relabereturr
1067 799 1192 914 Quod

155 917 334 1030 quamvis
359 914 657 1030 diligentiffime
686 913 930 1026 mastiter-it,
960 915 1112 1001 fatetur
1134 940 1192 1002 tas

156 1065 242 1120 men
275 1037 323 1118 de
352 1033 391 1118 ie
422 1035 597 1147 ingenue
618 1059 741 1142 quam
763 1061 932 1146 anceps,
961 1034 1189 1149 &plenum

154 1154 239 1237 alea
264 1181 364 1266 opus
384 1151 462 1234 hoc
480 1148 549 1233 fit.
579 1151 642 1232 Sic
663 1149 773 1234 enirn
801 1147 997 1264 sapienter
1028 1177 1189 1238 monete

151 1277 195 1356 in
216 1269 368 1384 somma
400 1270 434 1350 io
465 1267 582 1370 dico,
622 1264 688 1350 che
726 1265 773 1350 ho
791 1267 978 1382 sostenuro
1006 1269 1083 1386 fin’
1124 1301 1189 1354 ora

150 1421 224 1472 aaa
263 1391 379 1490 noia,
418 1384 465 1468 ed
509 1415 575 1468 un·
591 1380 778 1498 fastidio,
817 1384 884 1469 ebe
916 1417 990 1469 non
1021 1389 1189 1503 dpicco·

150 1501 216 1617 lo;
258 1505 326 1590 cde
362 1499 405 1586 la
426 1498 584 1616 scelta,
613 1500 660 1585 ed
688 1499 918 1617 espostzione
956 1505 997 1587 di
1027 1501 1101 1590 tali
1132 1505 1189 1619 ast

148 1625 170 1706 d
209 1655 288 1705 una
329 1621 409 1732 cosa
448 1617 548 1738 affui
579 1619 787 1735 ambigua,
826 1621 873 1704 ed
902 1617 1156 1738 ingannevole
1168 1655 1189 1731 ;

145 1739 214 1826 ebe
254 1737 315 1824 chi
343 1737 385 1854 fi
422 1733 592 1857 trovaffe
629 1760 717 1852 poco
756 1763 939 1822 contento-
976 1740 1018 1823 di
1062 1741 1189 1854 questa

140 1853 294 1976 piccola
339 1857 537 1972 impresa,
585 1853 712 1969 faccia
757 1859 829 1940 cosi
853 1890 868 1940 .·
916 1858 962 1940 vi
994 1857 1038 1972 fi
1103 1859 1188 1941 tovi

6 2067 7 2080 p
143 1971 247 2092 egli,
292 2009 314 2058 e
350 1998 420 2091 prr
459 2003 584 2058 amore
622 1967 689 2056 'del
714 1969 901 2089 pubblico·
928 1974 1020 2059 benc
1077 1979 1189 2089 oflen-

140 2127 193 2210 ga
229 2091 341 2177 anch’
383 2087 462 2207 egli
499 2085 656 2204 qualche
692 2113 782 2206 poco
822 2091 864 2174 'di
906 2093 1031 2206 quasia
1064 2092 1189 2206 nojoso

138 2212 300 2325 serica.
723 2251 725 2256 ¹
929 2256 933 2265 ¹
1129 2266 1133 2272 -

14 2324 17 2333 ’
146 2391 149 2398 .
272 2332 365 2444 Ego
404 2353 499 2412 vero
543 2357 674 2441 neque
717 2357 783 2413 nte
813 2325 909 2412 huic
940 2325 1053 2412 oneri
1085 2325 1190 2412 susti

6 2455 8 2540 i
144 2444 282 2533 nendo
323 2475 461 2560 parem
502 2445 663 2552 sentio,
704 2445 940 2560 semperque
985 2445 1105 2532 timui
1139 2475 1189 2532 ne

6 2555 7 2568 Ν
146 2567 197 2650 ab
240 2567 390 2648 exteris
428 2560 689 2650 facultatibus
731 2567 771 2648 in
804 2564 1079 2649 Geometriam
1112 2565 1190 2649 ele·

147 2675 379 2770 mentorem
410 2683 606 2768 accersita
636 2683 943 2770 exercitationes
981 2682 1107 2766 alium
1139 2681 1191 2766 ab

150 2831 216 2905 eo,
250 2829 377 2911 quem
402 2826 612 2915 optarem,
641 2803 797 2887 exitum
830 2797 1190 2884 effent‘habi'tura.

55 2943 60 2952 ·
155 2923 292 3032 Quare
323 2919 405 3002 alid
437 2947 503 3003 me
536 2921 671 3022 verti,
700 2923 739 3004 8(
759 2918 998 3004 Geometria
1017 2917 1190 3002 elemen-

159 3041 245 3122 taris
277 3037 549 3122 institutiones
579 3038 628 3122 ad
661 3037 749 3120 usus
782 3035 1019 3121 Geomettiae
1050 3032 1191 3149 prodii·

156 3179 209 3236 ca
236 3156 565 3240 accommodavi.
596 3158 734 3240 Habet
765 3156 873 3240 cuim
894 3151 1063 3240 facultas
1085 3177 1190 3236 utra·

154 3299 234 3385 que
283 3301 538 3380 communes¹
565 3301 719 3375 voces,
767 3273 916 3356 nedum
961 3270 1188 3384 principia.

152 3391 271 3476 Nihil
302 3422 350 3477 ex
383 3393 613 3507 longinquo
643 3389 948 3490 accersendum,
981 3386 1089 3499 quod
1124 3413 1189 3501 po

151 3511 430 3623 regrinitarem
468 3509 645 3594 redoleat
669 3510 836 3594 Tironi.
897 3509 1063 3610 Lineas,
1093 3503 1194 3620 figu-

148 3626 285 3739 rasque
313 3630 399 3714 five
443 3628 489 3711 in
524 3627 695 3731 charta,
735 3628 815 3712 five
848 3627 1043 3729 inacte,
1083 3649 1190 3707 cam·

139 3745 284 3859 piique
318 3745 565 3860 concipias,
594 3745 743 3832 eademv
762 3745 837 3830 tibi
867 3744 1023 3830 theoria
1052 3740 1189 3854 praclu-

1048 3881 1133 3943 cet.
