3054 4662
400 403 878 494 annnnnt'c‘a.
1029 429 1165 508 203.

158 623 161 634 ·
256 605 317 680 De
337 599 495 676 Meebada
512 605 742 678 Newaaaa‘aaa
756 605 1029 706 evanescentium

329 699 578 804 divifiba'la'am,
599 700 678 804 five
701 710 866 783 ratianum
879 711 955 806 pei·
979 711 981 719 ⁴

412 829 563 898 maram,
588 807 636 882 (θ’
655 803 869 883 ultimarum.
953 809 957 815 ’

9 897 12 944 l
148 927 150 934 >
1156 935 1163 953 2

9 1075 11 1148 s
121 1000 1164 1200 ”Hallusultlttutntlatsal·

1112 1139 1131 1184 u

9 1207 11 1250 ³
118 1133 1165 1306 ntucrigidamillamArchimedii‚&Euclidis‚ini1ie02

118 1328 295 1382 tenuatum
319 1303 618 1380 demonstratione
648 1307 857 1385 methodum
884 1307 1095 1403 adhiberet,
1125 1307 1164 1386 δι

9 1413 10 1454 l
119 1405 380 1482 Recentiorum
401 1406 512 1479 etiam
533 1405 771 1512 assequeretur
797 1409 1038 1504 brevitatem,
1058 1409 1096 1486 &
1113 1411 1131 1486 s
1148 1453 1165 1474 ·

119 1507 299 1584 cilitatem
317 1503 461 1581 diretta
482 1506 815 1602 demonstrationis,

221 1609 249 1680 1.
269 1606 513 1709 Antiquarum
535 1607 657 1710 utique
684 1605 898 1710 principium
927 1609 1113 1686 Lemmate
1135 1611 1165 1684 1.

9 1719 10 1760 l
118 1707 337 1806 generaliter
366 1705 557 1810 expreffit,
588 1729 627 1782 ut
655 1707 728 1782 sual
749 1709 894 1810 exposui
916 1735 1012 1784 num.
1033 1735 1093 1803 2.,
1122 1711 1167 1786 il·

119 1807 253 1912 ludque
274 1803 311 1881 in
332 1807 525 1882 Lemmatis
546 1806 772 1922 sequentibus
791 1835 826 1882 n.
841 1831 875 1903 3.
891 1833 929 1902 4.
950 1810 1020 1884 ἃς.
1032 1810 1074 1884 ad
1086 1838 1166 1885 cur·

120 1935 183 1983 vas
203 1908 401 2009 generatim
421 1909 641 2010 applicavit,
667 1907 704 1982 8<
724 1908 807 1983 inde
825 1903 1002 2002 dieculas,
1046 1909 1168 1986 erbre-

121 2009 252 2113 vesque
271 2006 588 2084 demonstrationes
608 2008 644 2082 in
664 2030 745 2084 toto
764 2011 881 2108 operis
896 2010 1005 2086 decur
1021 2038 1041 2084 u
1058 2010 1168 2086 dedu·

123 2110 203 2185 xit.
230 2107 381 2212 Premafi
409 2111 511 2200 venel,
536 2109 655 2211 inquit
685 2109 756 2208 ipse
786 2110 849 2182 lib.
873 2131 903 2182 1.
924 2109 1006 2184 seli.
1030 2133 1061 2184 1.
1081 2111 1166 2186 lem.

127 2233 185 2284 ιι.
207 2209 330 2309 philos.
353 2231 452 2300 nan,
472 2208 539 2281 bec
556 2211 756 2299 Lemmata,
781 2227 820 2280 eu
838 2205 1016 2306 effugerem
1030 2212 1169 2285 tedium

123 2308 309 2386 deducendi
326 2308 441 2406 langas
454 2307 766 2407 demonstrationes,
795 2333 880 2382 mare
907 2331 1061 2382 veteram
1080 2315 1168 2385 Geo-

123 2431 326 2498 metrarum‚
343 2407 388 2482 ad
402 2406 613 2508 absurdam
637 2409 863 2483 coneraliiaees
880 2411 968 2481 enim
983 2410 1168 2485 reddantur

124 2509 415 2683 demaaptraiaaes
429 2531 493 2606 per
512 2507 697 2583 methodum
718 2507 1003 2606 indivifibe'lium.

248 2611 275 2683 1.
302 2609 370 2684 Sed
398 2607 568 2712 quoniam
593 2609 718 2683 durior
745 2608 793 2685 ell
813 2609 1084 2686 indivifibilium
1105 2611 1168 2706 hy·

127 2709 300 2813 pothesns3
319 2710 356 2784 δι
376 2731 564 2810 propterea
579 2705 767 2784 methodus
777 2711 840 2784 illa
852 2710 967 2786 mintls
976 2709 1169 2811 geometri·

125 2837 168 2884 ca
187 2812 370 2903 censetur,
384 2810 532 2903 durior,
553 2811 720 2913 inquam,
737 2810 774 2884 ἃ
794 2811 910 2886 mintls
927 2812 1170 2910 geometrica,

127 2910 256 3013 quippe
276 2935 377 3014 qua,
408 2911 530 2984 saltent
548 2909 665 3014 quoad
687 2935 815 3003 voces,
836 2913 982 2986 videtur
1002 2911 1170 2988 abhorre·

129 3037 168 3084 re
189 3035 208 3082 a
228 3012 348 3110 genefi‘
389 3011 578 3086 uantitatis
597 3011 844 3107 geometriam
874 3013 953 3086 loco
973 3011 1171 3086 indivifibi·

129 3113 220 3184 lium
245 3035 491 3186 evanescentia
519 3110 710 3185 divisibilia
739 3109 936 3207 substituit3
959 3113 997 3186 δι
1024 3112 1171 3216 quanti·

132 3231 224 3284 tates
244 3211 514 3286 mathematicas
543 3235 615 3285 non
632 3233 671 3284 ut
692 3233 738 3284 ex
759 3213 918 3312 partibus
937 3213 1042 3317 qulm
1063 3211 1170 3285 mini.

131 3311 199 3384 mit
228 3309 456 3404 conflantes,
494 3309 550 3386 sed
581 3332 621 3385 ut
648 3333 750 3385 motu
778 3312 951 3387 continuo
978 3311 1170 3412 descriptas

130 3409 349 3485 confidem.
370 3413 513 3506 Malui,
529 3411 671 3514 inquit,
687 3409 976 3512 demonstrationes
994 3436 1103 3486 reram
1114 3411 1171 3511 se·

131 3515 306 3610 quantiam
326 3509 371 3584 ad
391 3513 529 3586 ultimas
547 3519 781 3610 quantitatum
802 3513 1071 3615 evanescentium
1074 3510 1172 3612 sam·

131 3637 229 3702 mas,
243 3611 291 3687 δ’
307 3614 472 3705 rationes,
484 3613 681 3713 primasque
696 3612 924 3714 nascentium,
939 3613 1047 3716 idest,
1067 3612 1112 3686 ad
1126 3609 1172 3686 la·-
1228 3707 1230 3712 Ι

102 3715 104 3718 ’
130 3717 229 3784 anites
239 3709 472 3812 summarum,
497 3713 544 3791 Θ
562 3720 727 3788 ratianum
745 3715 904 3788 deducere
912 3739 936 3800 ;
959 3713 1008 3791 δ’
1021 3727 1173 3811 prepter·

129 3839 172 3886 ea
190 3811 338 3888 limitum
359 3813 489 3888 illarum
507 3812 818 3918 demonstrationes,
836 3841 905 3916 qua
910 3819 1009 3914 patui
1018 3815 1172 3891 brevita-

224 3951 227 3958 ’
1090 3935 1123 3987 te
