3110 4662
365 359 446 444 ria.
515 356 615 444 Inde
654 385 704 442 ex
746 361 859 442 vario
901 358 1099 442 linearum
1150 359 1412 448 circularium
1533 391 1537 440 ι

366 481 405 564 8<
436 477 542 562 inter
572 475 634 582 se,
665 481 703 562 8<
734 505 827 560 cum
861 478 975 562 lineis
1007 473 1121 562 tellis
1145 478 1309 563 occursu
1333 482 1415 592 p'ri·
1542 511 1545 518 ·

368 623 442 682 mac
483 593 520 680 le
561 593 597 682 se
639 595 843 708 explicant
875 593 1015 682 circuli
1048 594 1290 681 admirandae
1321 627 1414 711 pro·
1540 665 1545 680 .

368 715 594 830 prietates,
638 711 1238 827 tangentium,·secantium,
1285 740 1413 827 atque
1543 751 1545 794 l

368 832 632 918 chordarum.
693 836 806 916 Tum
848 861 972 946 quam
1006 831 1163 934 varius,
1202 837 1241 916 8(
1273 837 1414 918 multi·

369 951 463 1067 plex
501 949 641 1034 circuli
676 948 722 1034 ht
755 949 842 1034 usus
874 953 914 1035 in
948 948 1233 1053 dimetiendis,
1263 979 1415 1066 cogno-

369 1066 600 1181 scendisque
628 1069 784 1183 angulis
816 1069 1032 1182 exponitur
1060 1067 1263 1152 elemento
1290 1097 1414 1180 quar.

370 1211 438 1268 to:
469 1213 556 1298 quae
588 1215 647 1272 res
677 1187 718 1270 in
752 1212 838 1271 tota
871 1186 1091 1302 geometria
1122 1185 1304 1272 latillime
1341 1218 1413 1300 pa·

372 1327 455 1390 tet.
516 1309 611 1390 Hac
658 1306 789 1418 prima
821 1303 910 1388 lunt
942 1305 1182 1388 Geometriae
1213 1303 1413 1390 nascentis
1543 1355 1545 1404 2

371 1421 554 1510 exordia.
614 1425 689 1507 Ex
719 1423 795 1506 hoc
837 1449 974 1506 autem
1015 1423 1213 1508 linearum
1244 1423 1412 1508 occursu

373 1539 655 1654 fimpliciffima
697 1539 881 1626 omnium
933 1541 1037 1625 inter
1081 1539 1225 1654 figuras
1269 1543 1411 1654 planas

371 1660 551 1744 exoritur
582 1658 837 1776 triangularis
868 1657 1017 1774 figura,
1049 1681 1137 1742 tum
1168 1659 1414 1770 quadrilate·

371 1805 447 1879 ra,
476 1777 568 1862 dein
593 1779 819 1892 polygona,
850 1803 1023 1890 quarum
1045 1776 1320 1890 lymptomata
1343 1779 1414 1863 tri

373 1896 466 1980 bus'
478 1896 642 2008 reliquis
672 1897 883 1982 elementis
912 1921 1097 1980 accurate
1134 1896 1414 2010 explicamus.

371 2012 528 2100 Videtis
558 2043 684 2127 quam
715 2015 817 2100 mire
848 2015 1072 2100 consentiat
1102 2013 1196 2098 huic
1218 2015 1415 2100 methodo
1544 2079 1545 2122 ,

373 2159 526 2218 natura
564 2132 701 2235 ordo,
741 2161 866 2245 quam
908 2133 1052 2216 leniter
1085 2159 1135 2214 ex
1167 2133 1337 2245 simplici
1369 2133 1416 2214 li·
1544 2203 1545 2212 r

374 2279 543 2336 aearum
589 2248 753 2335 occursu
804 2251 930 2331 fluant
981 2251 1233 2333 theoremata
1285 2251 1415 2364 magis
1544 2315 1545 2358 :

372 2365 614 2480 composita.
645 2362 844 2451 Eamdem
866 2367 994 2479 plane
1017 2367 1301 2497 partitionem,
1323 2397 1414 2480 pro·

374 2486 733 2617 grelltonemque
724 2513 764 2568 tn
796 2483 960 2595 reliquis
990 2485 1113 2567 etiam
1145 2486 1255 2569 libris
1283 2481 1414 2570 obler·

377 2604 597 2706 vavimus,
637 2631 762 2716 atque
803 2603 1011 2687 Euclidaeis
1051 2603 1314 2687 theorematis
1344 2603 1415 2686 ad·
1511 2696 1514 2704 ¹

374 2719 547 2832 juximus
578 2751 668 2826 ea,
690 2749 777 2834 qua
808 2721 913 2804 inter
944 2722 1207 2806 elementares
1239 2721 1415 2835 propost-

374 2841 504 2923 tiones
533 2837 672 2924 referri
706 2839 851 2924 merito
869 2839 1080 2953 optabant
1111 2840 1315 2952 plerique.
1346 2841 1412 2922 Sic

373 2986 506 3072 neque
536 2957 605 3042 alii
635 2987 659 3042 a
690 2985 755 3042 me
786 2957 946 3072 penitus
976 2957 1175 3041 sublatum
1200 2958 1412 3042 Euclidem

375 3075 592 3179 dolebunt,
622 3079 661 3160 δι
691 3077 760 3160 alii
791 3076 926 3189 potius
955 3075 1074 3160 aliter
1104 3075 1277 3162 lludiolis
1302 3105 1413 3162 eum-

376 3193 468 3278 dem
500 3192 726 3278 rellitutum
758 3194 1089 3308 gratulabuntur.

226 3393 227 3398 i
494 3315 610 3397 Nam
660 3311 770 3424 quod
821 3312 960 3396 dicunt
1008 3343 1031 3397 a
1082 3312 1210 3446 rigida
1250 3313 1414 3394 demon-

256 3521 258 3526 ,
377 3427 523 3514 strandi
554 3431 709 3515 tatione
740 3459 807 3516 eos
837 3429 1069 3535 desciscere,
1109 3433 1181 3543 qui
1213 3431 1411 3515 Euclidaeo

376 3547 506 3632 ordini
548 3551 769 3663 mancipati
810 3577 890 3632 non
932 3547 1046 3651 sunt,
1086 3551 1297 3682 probarem
1337 3551 1412 3631 uti·

377 3695 491 3778 que,
531 3667 556 3750 li
598 3669 706 3754 hunc
747 3667 955 3784 scopulum
998 3695 1114 3755 caute
1145 3668 1225 3782 jam
1258 3691 1414 3780 prater·

1246 3785 1354 3902 grellr
