3054 4662
408 277 488 356 206
697 275 1117 356 szrssoous'·

358 373 760 648 {l‘lllcglflllssz
780 369 1432 573 qlllssll‘illi‘ffessllsslf‘lc‘ss'

770 526 784 566 θ
1062 522 1076 563 7
1407 514 1429 538 “

386 601 449 654 unt
500 577 577 650 &a

357 579 425 794 ίβω
444 628 528 752 <lata
546 675 672 780 quovis
691 673 919 750 differentia.
946 679 989 750 ln
1006 671 1063 748 boc
1077 677 1231 748 continuo
1255 674 1423 776 aecseffse,

358 777 479 883 inquit
508 779 738 867 Nemenos,
763 797 858 852 estat
887 773 1016 864 limes,
1050 797 1149 872 quem
1176 775 1349 850 velocitas
1379 782 1423 848 in

351 878 428 982 fine
445 897 564 956 motos
591 881 759 971 attingere
783 873 925 974 potest,
959 899 1022 948 non
1051 895 1163 948 autem
1192 875 1423 976 transgredi.

358 983 444 1060 Hes
471 978 520 1078 esi
548 975 709 1052 uelocitas
735 975 891 1059 ultimn;
921 975 972 1052 Θ
997 995 1064 1070 pur
1091 975 1140 1076 esl
1166 981 1256 1050 ratio
1284 977 1424 1050 limitis

359 1083 616 1178 quantitatum,
640 1075 688 1153 δ’
703 1079 949 1172 proportionum
972 1079 1118 1148 omnium
1144 1078 1420 1171 incipientium,

359 1177 654 1278 &cusantium
679 1180 820 1274 cleroque
846 1175 901 1250 bic
917 1174 1014 1250 limes
1026 1171 1076 1274 fit
1094 1195 1228 1267 certus,
1252 1177 1306 1252 δ’
1327 1177 1422 1276 defi·

359 1283 477 1370 nitus,
499 1277 668 1374 problema
685 1277 733 1378 ιβ
751 1273 833 1352 vert
846 1279 1106 1373 geometricum,
1130 1277 1273 1350 eundem
1298 1277 1420 1352 deter-

393 1405 510 1454 snare.

359 1405 392 1544 ’.η
459 1476 626 1556 Cmtondi
643 1481 746 1552 etiam
761 1475 892 1577 potest,
913 1474 1029 1576 pergit
1050 1479 1283 1570 Newtonus,
1304 1479 1424 1576 quill,

353 1575 538 1681 solentur
571 1577 699 1652 ultima
731 1583 966 1676 quantitatum
999 1575 1272 1675 evanescentium
1306 1584 1422 1652 ratio·

360 1707 442 1771 aes,
466 1679 639 1754 dabuntur
656 1683 704 1756 Φ
723 1677 852 1752 ultime
869 1677 1121 1772 magnitudines
1129 1703 1154 1763 ;
1178 1679 1225 1754 ΕΤ
1233 1675 1287 1776 fic
1301 1705 1421 1776 quan·

360 1786 448 1856 titas
475 1785 580 1852 omnis
603 1780 764 1878 conslabit
782 1805 825 1852 eu
839 1774 1144 1878 indivrfibilibus;
1171 1800 1285 1852 contra
1306 1803 1422 1876 quan

359 1877 522 1954 Euclides
544 1877 587 1954 de
613 1877 998 1976 incommensurabilibus
1023 1877 1107 1951 libro
1124 1876 1247 1952 decimo
1268 1877 1420 1952 elemu-

361 1999 467 2076 torum
496 1978 760 2079 demonstravit.
784 1979 907 2052 Verlrnr
935 1977 1003 2054 baec
1019 1977 1155 2072 objeotn
1166 1976 1274 2081 sulse
1289 1983 1419 2055 inniti·

360 2101 417 2154 tur
432 2075 621 2176 hypothes.
648 2079 789 2153 ussine
805 2082 952 2152 rationes
970 2077 1062 2169 ille,
1082 2079 1282 2180 quibuscum
1303 2107 1421 2179 quan·

360 2185 483 2256 titotes
511 2178 740 2278 evanescunt,
773 2203 894 2252 revera
923 2203 987 2254 non
997 2179 1084 2280 sunt
1103 2183 1251 2253 rationes
1269 2186 1418 2280 queati-

361 2301 472 2354 tatum
494 2277 690 2355 ultimarum
715 2278 797 2373 (boc
815 2279 886 2379 ιβ,
911 2283 1146 2378 quantitatum
1169 2277 1416 2354 determinato-

361 2405 458 2472 tum,
485 2379 533 2458 Θ·
549 2378 864 2480 indivifibilium),
881 2378 947 2480 secl
965 2379 1113 2470 limites,
1142 2379 1189 2454 nt
1205 2405 1289 2478 qros
1303 2407 1415 2480 quan-

361 2489 503 2558 titatum
518 2477 593 2578 sne
613 2478 723 2553 limite
744 2478 1000 2579 decrescentium
1024 2483 1170 2554 rationes
1184 2481 1323 2580 semper.
1350 2503 1416 2576 ap-

355 2585 613 2680 propinquant,
639 2579 688 2657 δ’
706 2605 794 2677 quas
808 2581 949 2677 propilts
968 2577 1100 2680 affequo'
1119 2579 1276 2680 posunt,
1305 2584 1417 2678 quies

356 2702 421 2779 pro
439 2679 524 2752 data
544 2683 671 2776 quavis
686 2677 906 2778 differentia,
924 2705 1106 2778 nunquam
1134 2683 1214 2754 ueri
1239 2681 1416 2781 transgre-

622 601 680 652 εις
696 597 856 674 tempore
876 573 963 648 dato
977 572 1150 648 accedunt
1167 574 1284 673 magis
1299 578 1430 676 quom

361 2779 424 2870 dt,
449 2803 559 2880 neque
581 2783 684 2875 prius
708 2785 899 2876 attingere,
933 2781 1037 2877 quim
1050 2785 1279 2879 quantitates
1307 2784 1414 2858 dissei«

359 2901 513 2954 uruntur
537 2883 576 2951 in
601 2877 794 2977 infinitum.
845 2884 917 2953 Res
930 2879 1056 2955 clarius
1072 2881 1287 2978 intelligetur
1306 2887 1346 2956 in
1359 2890 1413 2956 ir·

354 2976 463 3080 finiti
480 2983 632 3074 magnis.
658 2984 700 3053 Si
718 2986 932 3079 quantitates
953 2980 1052 3073 dun,
1085 3007 1230 3080 quartem
1243 2982 1337 3055 olata
1361 2981 1412 3082 ιβ

360 3077 581 3178 differentia,
609 3103 800 3174 augeantur
827 3085 864 3153 in
894 3077 1097 3177 infinitum,
1122 3082 1264 3156 dabitur
1290 3083 1414 3156 naa·
1518 3151 1519 3158 ,

361 3179 485 3254 ultima
509 3183 618 3270 ratio,
648 3184 806 3254 nimirum
836 3185 923 3254 ratio
949 3181 1186 3279 equalitatis,
1212 3207 1272 3254 nec
1297 3203 1412 3257 tamen

361 3281 435 3356 t'tleo
457 3279 631 3355 dabuntur
648 3286 862 3379 quantitates
877 3281 1027 3375 ultime,
1045 3280 1111 3382 seu
1131 3286 1311 3376 manime,
1327 3309 1412 3384 qua·

360 3407 434 3454 rum
449 3381 516 3482 isla
537 3381 585 3493 ιβ
605 3387 713 3456 ratio.

460 3483 556 3555 Dens
585 3505 650 3571 ue,
675 3480 770 3584 quod
797 3479 834 3555 in
862 3480 1034 3556 methodo
1058 3481 1259 3556 Covalletii
1283 3482 1406 3558 caueri

360 3601 526 3680 oportere
558 3505 721 3656 lixesam
752 3579 790 3656 in
818 3581 878 3656 usu
907 3607 1062 3672 vocum,
1099 3580 1253 3683 idipsum
1285 3605 1408 3658 mosset

359 3683 590 3758 Newtoous.
617 3685 659 3756 ln
679 3681 904 3782 sequentibus
929 3686 1062 3780 igitur,
1089 3679 1125 3782 β
1150 3683 1286 3782 qnando
1304 3681 1408 3785 sacs’li

1308 3809 1363 3858 re-
