3104 4682
423 319 664 518 libitwpnrtels³
676 333 834 516 {ciuilii
854 313 1285 513 piivridoappre’rpipecmpue
1312 413 1455 513 polygo-

423 542 470 594 ua
490 517 664 616 regularia
690 511 947 602 inscribantur,
974 535 995 584 a
1022 511 1202 612 triangulo
1220 509 1265 588 ad
1283 510 1455 590 duodece·

421 641 577 722 gonum,
602 643 679 724 quae
704 611 845 700 maioris
860 609 937 684 sunt
956 610 1050 688 usus.
1212 710 1219 724 .
1295 685 1301 692 ,

522 717 648 822 ltaque
676 713 719 790 ad
748 709 963 789 lnveuienda
982 711 1096 786 latera
1123 735 1243 784 omma
1263 711 1457 814 polygonos

386 881 387 886 ,
421 841 501 894 rum
522 815 594 890 usui
614 813 661 890 est
681 809 777 890 linea
794 809 1028 888 chordarum.
1053 811 1140 884 Haec
1156 810 1457 904 auteminvcntio

423 913 538 990 facilis
554 913 626 1006 est,
645 911 669 990 st
689 913 856 988 habemus
876 911 1043 1012 angulum
1061 910 1176 986 centri
1192 909 1380 999 cuiuslibet
1398 939 1454 1013 po·

420 1013 565 1113 lygoni.
606 1017 711 1090 Hunc
744 1033 863 1086 autem
897 1011 1133 1110 reperiemus,
1157 1009 1354 1086 dividendo
1377 1013 1455 1107 360

357 1195 359 1202 ,
422 1137 486 1218 per
505 1137 690 1190 numerum
707 1113 864 1192 laterum
890 1109 985 1185 illius
1004 1109 1195 1212 polygoni,
1216 1133 1324 1210 puta,
1356 1111 1380 1184 li
1404 1113 1456 1188 dia*

422 1213 523 1286 vidas
554 1213 629 1308 360
660 1238 721 1317 per
753 1238 798 1306 5,
827 1209 971 1290 habebis
1000 1211 1128 1312 gradus
1155 1234 1204 1299 72
1237 1235 1301 1309 pro
1323 1214 1453 1311 angulo

421 1309 560 1406 centri3
584 1313 734 1418 ideoque
754 1309 936 1401 subttnsa,
958 1309 1024 1388 seu
1038 1307 1168 1386 chorda
1187 1309 1360 1408 graduum
1378 1339 1451 1408 72,

420 1409 468 1488 est
494 1411 586 1488 latus
607 1411 796 1513 pentagoni
822 1411 956 1486 circulo
977 1407 1158 1510 inscripti,
1177 1409 1274 1497 cuius
1292 1409 1452 1486 semidiae

418 1533 535 1588 metet·
554 1511 696 1614 aqualis
720 1509 769 1586 est
786 1509 924 1587 chordae
950 1509 1120 1608 graduum
1142 1507 1224 1582 60..
1253 1512 1375 1601 Quare
1402 1511 1452 1585 vi·

418 1610 482 1688 des
506 1610 542 1685 in
562 1611 633 1712 ipsa
652 1613 753 1690 'linea
775 1609 985 1688 chordarum
1003 1609 1125 1686 haberi
1156 1610 1268 1702 latera
1292 1609 1452 1688 omnium

420 1711 712 1882 ⁹i¹l³⁰¹i⁰m⁰¹⁵
748 1709 1452 1886 ¹¹⁰⁰{llll‘llllllqfflfflffl

421 1833 441 1884 a
518 1836 952 2010 ljlpriigzguffimsplbmdit
971 1835 1142 1984 thordoni
1160 1909 1332 2007 graduum
1356 1933 1453 2003 120,

418 2007 631 2110 quadratum
659 2032 733 2106 90,
760 2031 996 2111 pentagonum
1021 2033 1096 2104 72,
1121 2009 1345 2107 hexagonum
1372 2005 1453 2103 60,

419 2106 656 2208 heptagonum
676 2133 719 2204 51
739 2107 1018 2208 -3-,oelogonum
1033 2131 1083 2204 45
1102 2159 1115 2200 ,
1134 2133 1360 2206 nonagonnm
1377 2135 1454 2203 40,

419 2207 636 2310 decagonum
654 2209 726 2312 36,
745 2211 1008 2312 undecagonum
1027 2231 1073 2308 32
1095 2209 1139 2303 ἦ,
1162 2207 1455 2314 duodecagonum

448 2329 499 2386 o.
1356 2376 1366 2400 Ι

423 2329 442 2404 3
517 2409 603 2480 Hac
639 2406 733 2484 linea
759 2407 945 2482 continens
978 2428 1117 2484 certum
1152 2433 1339 2488 numerum·
1364 2411 1455 2487 late·

417 2527 496 2578 rum
522 2506 780 2606 polygonorum
815 2505 1029 2606 regularium
1064 2507 1102 2584 in
1136 2507 1260 2584 codem
1285 2510 1451 2603 circulo,

416 2601 604 2716 separatim
631 2603 834 2680 inscribitur
859 2606 995 2680 circino
1021 2608 1287 2708 proportionis,
1312 2609 1454 2712 sumpto

415 2701 523 2778 initio
548 2729 568 2778 a
594 2725 718 2782 centro
744 2701 917 2792 eiusdem.
944 2707 1039 2798 Quia
1058 2707 1145 2784 vero
1171 2709 1283 2786 latera
1303 2711 1454 2812 polygo-

415 2827 541 2876 norum
576 2803 798 2918 regularium·
820 2801 937 2880 eidem
972 2807 1106 2882 circulo
1132 2806 1382 2910 inscriptorum
1410 2810 1455 2888 en

413 2901 524 2998 magis
551 2901 820 2995 diminuuntur,
854 2906 926 3010 quo
952 2907 1052 3008 plura
1077 2907 1153 2984 sunt
1172 2909 1343 3010 polygoni
1364 2912 1456 2988 latu

414 3025 485 3090 ra,
522 2999 604 3078 hinc
641 3003 734 3079 latus
762 3003 930 3104 trianguli
960 3005 1007 3080 ell
1034 3007 1193 3084 omniurn
1222 3009 1457 3102 maximum,

414 3119 639 3210 aequaturque
665 3102 880 3204 longitudini
907 3105 1018 3180 totius
1046 3105 1146 3180 lineae
1168 3109 1457 3207 polygonorum'3

413 3195 495 3278 huic
515 3201 717 3380 prtpttitnum
735 3201 783 3284 cll
808 3204 902 3286 latus
921 3205 1111 3312 quadrati,
1136 3205 1220 3284 dein
1247 3207 1341 3284 latus
1367 3213 1455 3318 penss

415 3317 536 3405 tagum
603 3313 647 3380 c.'
1223 3339 1227 3348 =
