3104 4650
177 481 180 488 ,
216 447 300 520 pta,
331 425 384 497 vel
418 443 482 494 tres
510 425 675 494 dumtaxat
698 425 830 514 angulas
857 423 994 496 habeant
1021 425 1202 514 tespeslivie

215 518 482 590 circumferentiis
502 517 744 604 respondentes,
762 537 855 587 etant
869 518 1009 586 ambitus
1029 518 1203 608 polygono-

216 635 288 680 tum
314 613 399 678 inter
419 609 469 692 se,
493 628 528 676 ut
550 607 717 676 diametri.
1030 628 1101 698 pa.
1126 631 1202 696 329.

169 702 279 772 Theor.
301 702 334 769 Si
354 701 416 768 dua
436 698 591 788 polygona
610 698 723 767 similia
736 697 863 768 circulis
878 699 937 768 sint
953 636 1202 786 circumieripta,

215 792 266 862 vel
281 815 391 861 earum
411 791 472 857 tria
489 788 586 858 latera
601 788 770 878 hamaloga
785 789 921 860 circulos
937 809 1091 879 tangant,
1107 808 1203 859 erunt

214 882 446 972 polygonatum
464 881 603 950 ambitus
623 881 873 968 proportionales
893 881 1009 949 radiis.
1124 902 1201 968 330.

169 975 276 1044 Theai.
300 974 333 1042 Si
365 973 501 1040 duorum
531 969 724 1040 circulorum
750 973 882 1040 arcubus
909 972 972 1041 srne
991 973 1053 1041 fine
1073 971 1198 1039 biseslia

183 1101 187 1106 ·
213 1063 304 1152 plura
325 1063 463 1150 semper,
487 1085 523 1131 ac
542 1061 630 1149 plura
650 1063 683 1128 in
703 1060 866 1130 infinitum
885 1062 983 1131 latera
1002 1061 1202 1132 circumscri-

174 1182 176 1186 ·
214 1157 269 1238 bi,
300 1153 487 1223 &inscribi
518 1149 768 1238 intelligantur:
802 1154 941 1221 ambitus
971 1154 1204 1243 polygonatum

211 1247 354 1317 desinunt
377 1242 410 1311 in
427 1243 538 1312 circuli
555 1242 783 1329 peripheriam.
803 1244 844 1311 Et
859 1244 994 1313 duarum
1010 1242 1204 1313 circulorum

213 1333 499 1419 circumserentiae,
531 1335 602 1402 sunt
629 1335 716 1406 inter
743 1333 793 1418 se,
821 1353 856 1403 ut
885 1358 995 1405 aarum
1019 1336 1124 1419 radii,
1151 1333 1204 1403 seu

213 1426 383 1496 diametri.
1129 1446 1204 1516 33¹·

409 1607 585 1678 Pnuxrs
611 1610 969 1678 Gnouarnrca.

182 1859 184 1862 .
239 1793 419 1883 Figuratum
429 1789 577 1875 similium
589 1791 783 1880 perimentem
796 1793 927 1874 addere,
944 1789 1137 1877 subtrahere,

182 1903 184 1910 “
297 1885 515 1972 multiplicare,
531 1907 567 1950 aa
580 1884 737 1967 diuidere,
758 1884 813 1952 hac
827 1886 907 1974 lege,
929 1901 964 1950 ut
971 1881 1079 1974 figura

421 1975 632 2061 subnascentes
638 1972 704 2059 [tut
716 1977 800 2044 datis
810 1972 945 2059 fimiles.

171 2157 272 2225 Probl-
354 2157 480 2244 Iguram
495 2155 691 2224 teslilineam
711 2109 907 2235 construere,
931 2153 1021 2234 cuius
1035 2153 1206 2242 perimetur

374 2263 518 2332 aquetur
537 2245 664 2312 summae
682 2265 719 2311 ex
735 2243 914 2329 perimetris
933 2245 1068 2312 duarum
1087 2244 1205 2331 figura·

216 2358 312 2419 ram,
335 2359 404 2423 quae
432 2332 533 2404 eidem
561 2333 675 2404 similes
702 2332 783 2419 fine,
804 2334 838 2404 ἃ
864 2357 998 2423 quarunt
1020 2334 1086 2402 dua
1103 2333 1206 2404 latera

216 2427 276 2496 fiat
292 2425 482 2514 homologa.
1123 2447 1206 2513 333.

172 2520 274 2590 Probi.
300 2518 451 2586 Invenire
471 2515 686 2608 polygonum,
710 2516 799 2598 cuius
813 2517 983 2604 perimeret
993 2516 1210 2605 aqueturtlif·¹

216 2609 360 2680 serentiae
380 2609 466 2676 inter
490 2611 676 2694 perimetros
703 2609 837 2677 duarum
861 2608 1114 2698 polygonatum,
1136 2627 1205 2694 quae

215 2700 319 2770 eidem
346 2698 406 2770 lint
429 2698 563 2782 similia,
587 2700 621 2770 δι
638 2722 773 2787 quarum
786 2701 851 2769 dua
868 2700 967 2769 latera
982 2699 1046 2768 fiat
1060 2697 1206 2769 bamala-

238 2814 274 2858 a.
1194 2835 1203 2855 .

171 2813 273 2953 Prior.
299 2879 449 2950 Invenire
476 2880 693 2970 polygonum,
716 2878 806 2961 cuiue
833 2880 1002 2969 perimeret
1026 2881 1063 2948 sit
1092 2811 1193 2950 mirs4

219 2971 289 3059 plex
308 2973 469 3059 perimetti
490 2970 639 3060 polygoni
654 2971 781 3040 fimilis.
1128 2991 1205 3060 335.

172 3063 277 3136 Prota
301 3062 510 3132 Perimetrum
532 3063 598 3130 dati
627 3062 776 3152 polygoni
795 3062 938 3132 diuidere
957 3063 990 3132 in
1009 3062 1134 3132 ratione
1152 3061 1207 3128 da-

219 3170 275 3235 ta;
302 3151 421 3242 suisque
447 3155 587 3241 partibus
608 3153 814 3245 perimettutn
832 3153 1008 3226 canllruere
1026 3154 1205 3246 polygona-

219 3265 290 3316 mffl
305 3241 380 3318 duo
396 3245 566 3317 fimlllume
1127 3242 1205 3314 ibide

1161 2881 1206 2946 ti·
1336 2895 1339 2900 ·
