3134 4658
485 369 559 442 320
656 347 851 418 Panxss
879 345 1251 416 Gsommccu

425 449 589 543 ginibus,
616 463 656 517 ut
672 442 746 541 fiat
769 442 983 538 rellangula,
1018 460 1089 516 tota
1114 437 1253 538 madefit
1276 461 1336 536 ope
1359 437 1470 514 bumi-

430 546 483 620 dae
499 545 673 645 spongia,
699 542 757 615 uel
772 541 905 616 humidi
917 541 1074 639 penicilli
1087 539 1251 633 majoris,
1271 537 1388 640 ficque
1400 567 1470 614 con·

431 645 550 720 uoluta
574 643 779 742 relinquitur
804 641 849 716 ad
873 641 959 716 bora
969 641 1148 742 sputum.
1326 717 1328 720 ,

531 738 668 820 Deinde
692 747 859 838 margines
884 749 993 817 tenaci
1010 740 1149 837 glutine
1166 737 1341 839 farinacea
1354 743 1392 813 in
1411 739 1470 814 ad-

431 841 531 944 versa
550 861 651 939 parte
674 842 825 934 aldum,
852 843 998 916 Tabula·
1011 841 1310 936 adglutinantur3
1330 839 1472 940 postque

430 943 540 1016 levem
564 938 780 1041 extenſsonem
803 941 920 1016 charta
944 943 1077 1040 rursum
1102 937 1242 1038 madefit
1268 944 1360 1014 intra
1385 963 1470 1012 mar·

424 1047 546 1138 gines,
572 1061 611 1112 ut
629 1041 667 1114 bi
684 1039 905 1141 confiscentur,
924 1040 1008 1140 fnlm
1023 1039 1131 1116 adbuc
1148 1039 1281 1114 humido
1296 1061 1472 1112 manente·

527 1141 633 1216 Ntc'et
659 1165 770 1216 autem
794 1139 984 1240 hujusmodi
1001 1139 1087 1238 sulm
1107 1139 1211 1235 paulo
1240 1161 1320 1212 ante
1342 1136 1472 1310 extercsu

423 1243 626 1338 proximitas
640 1239 822 1341 fenestre,
848 1240 910 1314 vel
925 1241 1048 1335 janue
1060 1243 1247 1335 patentis;
1272 1243 1357 1336 quia
1371 1242 1412 1312 ob
1442 1241 1470 1311 i-

427 1343 540 1412 berum
566 1344 655 1413 aeris
679 1339 857 1441 ingrcffum
882 1345 985 1415 nimis
1009 1342 1076 1414 citd
1094 1336 1308 1439 exstructum·
1331 1338 1470 1436 ideaque

427 1466 448 1512 a
467 1439 605 1532 glutine
628 1462 691 1514 non
715 1442 905 1514 detinetur.
957 1447 1061 1514 Nocet
1084 1463 1214 1538 quoque
1232 1441 1364 1511 vicinia
1381 1437 1469 1510 cale·

419 1535 524 1638 falla
539 1535 713 1637 fornacis,
740 1538 822 1630 vel,
842 1534 918 1640 ſse
949 1543 1007 1613 ivo
1023 1558 1165 1634 tempore
1177 1535 1245 1636 fiili
1261 1541 1469 1632 exponitur;

424 1641 606 1734 quoniam,
631 1637 694 1738 etſs
712 1636 822 1736 suerit
845 1665 887 1712 eu
902 1659 1064 1730 secatum,
1099 1637 1147 1712 Θ
1173 1665 1195 1710 a
1212 1635 1351 1733 glutine
1381 1638 1469 1710 deti·

424 1757 567 1828 nentur,
594 1741 635 1810 ui
657 1737 776 1811 caloris
798 1738 1025 1829 contrabitur,
1049 1736 1301 1814 &laceratum

524 1833 641 1910 Addit
676 1839 847 1938 praeterel
881 1837 1078 1928 accurati,
1111 1861 1210 1910 more
1238 1835 1333 1928 suo,
1370 1860 1466 1910 com·

423 1937 542 2034 plures
575 1934 667 2010 alias
698 1935 963 2012 observationes
998 1937 1036 2010 in
1070 1933 1329 2010 construetione
1364 1935 1464 2027 huj-us

422 2033 597 2126 Tabulae,
625 2061 666 2108 ac
692 2035 908 2136 prasertim,
945 2058 984 2112 ut
1013 2033 1129 2109 ubivis
1161 2032 1265 2108 sstum
1293 2033 1464 2110 horizon·

422 2133 532 2207 talem
568 2134 695 2210 exalte
729 2133 928 2226 obtineat,
969 2135 1110 2238 aliaque
1145 2131 1403 2225 ejusdemmodi
1426 2133 1462 2206 in

421 2233 527 2332 praxi
551 2233 739 2327 obeunda,
763 2259 840 2336 quae
866 2232 1181 2332 fingula'Lellor,
1219 2259 1301 2309 cum
1329 2233 1463 2308 occalso

422 2331 537 2422 feret,
569 2334 708 2442 poterit
743 2359 791 2405 ex
825 2332 928 2432 ipfius
963 2358 1069 2433 opere
1103 2331 1206 2406 facil&
1233 2335 1464 2432 cognoscere.

282 2453 286 2461 ·
421 2429 542 2502 Venio
566 2453 637 2519 tam
661 2429 708 2504 nd
735 2431 887 2504 alteram
911 2429 1014 2521 hujus
1038 2426 1267 2506 Instrumenti
1298 2455 1463 2604 partem,

418 2551 499 2629 quae,
524 2529 666 2625 praxim
692 2527 846 2630 spellat,
871 2553 919 2603 ex
945 2529 1071 2606 eodem
1098 2529 1279 2632 Scriptura
1318 2533 1464 2608 uculen·

420 2647 478 2699 tes
503 2624 736 2727 descriptam.

759 2753 778 2802 ⁹
840 2769 844 2776 .

716 2927 1072 3000 Puonuzmn
1118 2925 1166 2998 V.

416 3241 507 3316 472.
620 3219 1098 3314 Abu.1ae12raet0rianaeusus,
1121 3206 1229 3322 utque
1249 3220 1466 3321 praestantia.

652 3320 821 3418 Quoniam
839 3319 989 3420 fulcrum
1016 3343 1080 3418 per
1103 3341 1224 3395 motum
1249 3323 1396 3418 tripodis
1422 3321 1467 3396 ad

415 3415 621 3514 horizontem
647 3420 856 3511 adducitur,
890 3420 1007 3496 charta
1032 3420 1145 3520 supra
1175 3419 1327 3495 tabulam
1350 3420 1466 3519 fulcro

408 3517 613 3612 parallelum
638 3519 796 3618 extensa,
818 3519 960 3616 planum
986 3519 1195 3618 borizrintale
1213 3519 1415 3621 praesefert.

520 3623 564 3696 In,
584 3619 640 3694 boc
665 3625 784 3717 itaque
804 3619 908 3714 plano
927 3623 1088 3716 paullum
1107 3621 1249 3716 eligitur
1257 3625 1382 3716 prime
1390 3619 1466 3721 sla-

415 3717 500 3791 tiani
522 3719 646 3814 date,
679 3718 741 3794 uel
764 3719 809 3794 ad
833 3719 969 3794 libitum
986 3722 1136 3822 sumpte
1158 3719 1387 3822 respondens,
1414 3718 1464 3796 Φ·

1345 3844 1414 3894 acu
