3104 4650
416 287 496 366 206
705 285 749 360 M
768 309 836 366 ετ
859 309 882 358 rr
904 307 930 356 ο
954 306 979 357 n
1001 305 1025 356 u
1047 307 1067 358 a

366 409 518 494 petunt,
542 383 624 460 clm
641 411 768 500 nempe
788 382 1012 496 quantitates
1029 381 1140 460 finito
1156 383 1420 481 decrescentes,

367 492 410 564 ad
429 491 510 564 illus
530 507 791 588 proprietates,
813 506 851 559 ut
872 505 924 558 cta
943 483 1084 575 dream,
1109 487 1286 600 perpetu}
1313 515 1419 563 acce-

366 590 480 679 dunt,
508 587 545 660 &
565 589 609 660 ad
630 613 689 662 cus
704 608 864 686 tempore
874 585 971 697 'dato
985 584 1159 659 accedunt
1174 611 1289 686 magns
1304 591 1421 690 qulru

366 717 432 804 pro
451 688 535 762 datu
553 686 681 790 quavis
700 686 926 761 differentia.
954 691 997 762 lu
1014 683 1071 760 buc
1085 691 1240 760 contiuuo
1263 687 1415 806 etrusco,

365 789 487 892 lnquit
516 791 746 878 Newtonus,
771 807 866 864 eutet
895 784 1024 876 limes,
1058 809 1157 885 quem
1185 787 1351 862 velocitas
1377 817 1416 862 tn

359 889 436 992 fine
453 909 572 966 motus
599 891 767 982 attingere
792 885 933 985 potesl,
967 912 1030 960 non
1059 906 1172 960 outone
1201 887 1417 988 transpadin

365 994 452 1070 Hec
479 989 529 1089 esl
556 986 718 1062 uelociter
743 987 900 1072 ultimo;
930 987 980 1063 Φ
1005 1007 1072 1081 par
1099 987 1148 1088 est
1175 994 1263 1062 ratio
1290 990 1417 1064 limitis

367 1095 624 1190 quantitatum,
648 1087 957 1184 &proportionum
980 1091 1126 1160 omnium
1152 1090 1414 1184 incipientium,

367 1188 663 1290 &cessantium
687 1192 829 1286 cumque
854 1187 909 1262 bic
925 1185 1022 1262 limes
1034 1183 1083 1286 fit
1102 1208 1236 1280 certus,
1259 1189 1310 1265 θ
1327 1189 1415 1287 des·

366 1295 485 1381 uitus,
507 1288 676 1385 problema
692 1288 742 1390 esl
759 1285 841 1364 vert
854 1291 1114 1384 geometricum,
1138 1289 1279 1364 eundern
1303 1289 1414 1364 deter-

366 1417 634 1568 mewa-madi
651 1492 754 1562 etiam
769 1486 901 1588 potesl,
921 1487 1037 1588 pergit
1058 1491 1288 1583 Newtontts,
1310 1490 1419 1588 quta,

361 1586 546 1693 fidentior
579 1589 707 1664 ultime
739 1595 974 1688 quantitatum
1007 1588 1278 1687 evanescentium
1312 1595 1418 1664 catio·

367 1717 450 1782 uer,
474 1692 647 1765 dabuntur
663 1695 712 1768 O·
731 1689 860 1764 ultima
878 1690 1130 1784 magnitudines
1138 1716 1162 1776 ;
1186 1693 1234 1766 ἃ
1243 1687 1294 1788 fic
1307 1717 1415 1789 quan·

368 1797 456 1865 titos
483 1797 588 1865 omnis
611 1791 772 1889 conslaltit
791 1818 833 1864 eu
847 1787 1153 1890 indiutfibilibut;
1179 1812 1292 1864 contra
1313 1815 1417 1889 quam

367 1890 530 1965 Euclides
552 1890 595 1966 tle
622 1890 1007 1988 incommensurabilibus
1032 1890 1116 1964 libro
1132 1890 1257 1965 decimo
1275 1891 1416 1965 meu·

369 2012 475 2066 totum
505 1989 768 2090 demonstravit.
793 1991 915 2064 Verlmr
942 1989 1012 2066 lac
1028 1991 1163 2084 objellio
1174 1989 1282 2094 salse
1295 1995 1417 2068 inniti·

368 2113 425 2166 tue
440 2087 630 2190 hypothesi.
656 2091 798 2167 Ultima
814 2095 960 2166 rationes
977 2089 1071 2182 ille,
1090 2092 1289 2193 quibuscum
1308 2119 1419 2192 quon·

368 2197 492 2268 titnter
518 2190 749 2292 evanescunt,
781 2214 903 2264 reuera
932 2216 996 2266 non
1006 2192 1093 2292 sunt
1111 2197 1261 2266 rationes
1278 2197 1420 2292 quonti-

370 2313 480 2366 tutum
502 2289 699 2365 ultimarum
723 2291 805 2386 (boc
823 2292 895 2392 esl,
920 2295 1155 2391 quantitatum
1178 2291 1418 2366 determinato-

369 2417 466 2484 tunt,
493 2391 541 2470 <t
557 2390 872 2493 indiutfibiliunt),
889 2390 955 2492 secl
974 2392 1123 2482 limites,
1151 2393 1198 2466 acl
1214 2418 1418 2492 quosquam-

369 2501 512 2568 titatum
548 2517 601 2566 tnc
622 2491 731 2566 limite
753 2491 1009 2591 decrescentium
1031 2495 1180 2566 rationes
1217 2515 1326 2590 emper
1352 2515 1419 2588 ap·

363 2599 622 2693 propinquant,
647 2592 696 2668 Θ
715 2617 802 2690 quas
817 2593 958 2689 propilas
977 2589 1108 2693 affequi
1127 2614 1175 2688 po
1203 2616 1283 2685 unt,
1309 2595 1420 2691 quarn

364 2715 429 2792 pro
447 2691 532 2766 cloto
552 2697 680 2790 quovis
695 2690 915 2790 dtffetentia,
941 2719 1114 2791 nunquam
1144 2696 1223 2767 ueri
1247 2693 1422 2793 transgre-

369 2791 432 2883 δι’,
456 2817 567 2892 neque
588 2797 693 2888 ptius
717 2797 908 2889 attingere,
942 2794 1046 2891 quaint
1059 2799 1287 2893 quantitates
1312 2796 1420 2870 alicui.

367 2913 521 2967 cruuntur
545 2895 583 2964 in
608 2891 803 2990 infinitum.
854 2897 926 2966 Res
938 2892 1066 2968 clarius
1083 2895 1296 2992 intelligetur
1315 2901 1354 2970 in
1368 2902 1419 2970 in·

362 2990 471 3092 finitl
488 2995 640 3087 magnis.
666 2999 708 3066 Si
727 2998 941 3093 quantitates
962 2993 1061 3086 olue,
1093 3021 1241 3094 quarum
1254 2996 1346 3070 elota
1370 2994 1419 3096 ψ

368 3090 590 3189 differentia,
617 3116 808 3189 augeantur
836 3099 873 3168 in
902 3091 1105 3190 infinitum,
1131 3095 1274 3169 dabitur
1302 3097 1422 3171 baruae

369 3193 493 3267 ultimo
517 3197 627 3285 cotio,
656 3199 815 3268 nimirum
845 3199 931 3268 cotio
957 3195 1197 3294 equalitatis,
1221 3221 1282 3268 nec
1308 3219 1421 3270 tamen

369 3295 443 3368 &aa
466 3294 640 3368 dabuntur
656 3300 871 3393 quantitates
886 3294 1036 3388 ultione,
1054 3295 1120 3395 sen
1140 3299 1321 3390 manime,
1337 3321 1422 3397 quu-

368 3419 443 3468 rum
457 3395 525 3496 isla
546 3395 594 3492 esl
613 3401 720 3469 ratio.

469 3495 566 3568 Deni
594 3519 659 3585 ue,
683 3493 779 3598 quod
806 3493 843 3569 in
871 3492 1044 3570 methodo
1067 3495 1268 3568 Cavalletii
1292 3495 1416 3571 caueri

367 3521 1071 3798 {cursilintorno2
1098 3593 1417 3798 sulcant

589 3747 600 3770 ·
1057 3745 1071 3788 n

1316 3823 1370 3872 re-
