3110 4662
403 245 424 316 8
611 245 1073 322 .Goomzrron
1188 321 1192 328 .

154 381 192 446 ευ
232 379 327 446 ,ficies
350 361 389 414 ut
414 341 644 439 intelligamus
668 343 792 418 lineum
818 344 969 443 aliquam
994 350 1031 420 in
1066 345 1291 450 transuersum
1324 374 1391 426 moa

134 481 171 524 ιχ
215 483 272 526 ux„
292 464 327 528 fi.
346 445 424 514 veri
434 467 457 526 ,·
481 443 664 542 vestigium
689 447 777 517 enim
803 445 952 518 selillum
978 473 1018 521 etr
1043 449 1104 548 isto
1123 473 1211 525 motu
1228 457 1292 524 erit
1311 459 1390 550 qui-

133 561 214 611 neae·
345 539 420 614 dem
444 539 576 640 longum
598 551 734 640 propter
761 541 1002 640 longitudinem
1029 546 1148 641 linee,
1175 552 1282 624 lotum
1305 577 1388 649 quo·

348 667 413 740 que
433 664 570 742 propter
593 665 742 739 motum,
775 648 839 743 qui
862 650 898 718 in
926 668 1002 719 trau
1021 649 1154 748 versum
1180 653 1230 752 est
1241 649 1354 748 sal‘lus
1364 675 1388 738 ,⁸

346 742 443 816 nulla
467 745 550 818 neth
573 748 701 818 ratione
721 738 924 844 prnsundum
949 773 967 819 e
995 775 1013 820 e
1035 754 1180 842 poterit,
1204 776 1277 823 cum
1297 751 1390 824 linea

346 843 456 944 ipsum
489 843 675 944 describens
708 849 795 918 omni
827 863 940 922 carent
961 845 1217 946 profunditates
1267 854 1389 947 ‚Quare

337 941 537 1042 superficies
567 944 729 1039 dicetur,
763 971 866 1046 quam
896 972 940 1034 ex
965 947 1071 1048 fluxu
1103 946 1201 1021 lineae
1223 953 1390 1044 'generosi

147 1093 278 1160 solidum
287 1119 324 1162 ex
345 1046 628 1140 imaginabilium,
647 1047 789 1146 ejusque
802 1051 1030 1122 extremitates
1043 1045 1108 1144 effe
1121 1047 1251 1138 lineas,
1270 1073 1386 1146 quem·

130 1173 209 1238 fluxu
230 1175 323 1262 supe„
345 1143 518 1219 admodum
555 1143 653 1219 lineae
688 1150 825 1220 termini
859 1147 946 1246 sunt
977 1151 1132 1243 postlla·
1198 1147 1387 1222 Simillimu

130 1255 231 1320 ficiei.
331 1244 476 1348 prorsus
500 1245 549 1347 esl
564 1246 672 1345 soliar·
691 1243 823 1346 genefis
846 1273 887 1320 ex
903 1245 1009 1346 sluuu
1023 1246 1240 1348 superficiei.

446 1368 508 1420 21.
535 1351 652 1421 Omnis
685 1351 863 1446 quantitas
894 1345 1013 1446 iisdem
1041 1349 1212 1422 elementis
1236 1347 1384 1449 runslat,

346 1448 470 1546 quibus
487 1451 647 1545 generati
670 1451 876 1544 concipitur.
928 1447 1137 1522 Cavalerius
1171 1449 1305 1546 quidem
1330 1447 1388 1521 hoc

341 1551 490 1644 primum
519 1547 676 1650 posuerat
707 1549 779 1646 sure
812 1545 956 1622 methodi
989 1547 1251 1650 indivrshilium
1277 1547 1390 1620 ueluti

345 1648 534 1740 decretum,
559 1647 675 1723 lineas·
690 1670 807 1746 nempe
830 1676 871 1722 ess
894 1645 1043 1747 infinitis
1063 1653 1198 1744 punllis
1220 1649 1389 1750 constare,

339 1747 539 1849 superficies
564 1777 605 1824 eu
630 1745 778 1846 infinitis
803 1749 924 1840 lineis,
954 1750 1003 1825 (9'
1024 1749 1140 1851 solida
1171 1775 1212 1822 ess
1238 1747 1390 1846 infinitis

324 1849 327 1856 ’
339 1847 583 1950 superficiebus
592 1873 617 1935 ,⁶
639 1849 760 1936 deinde
783 1845 1013 1948 indivisbili'n
1037 1849 1102 1924 illu
1126 1848 1311 1941 elimenta,
1341 1867 1392 1922 to·

348 1970 485 2048 tamque
507 1976 615 2024 eorum
637 1949 801 2050 sumtuum
826 1953 1036 2047 comparabat
1062 1955 1099 2023 in
1122 1975 1194 2022 unc
1219 1951 1391 2044 magnitu-

347 2049 428 2122 dine
451 2075 525 2122 cum
547 2047 692 2156 sagulis·
709 2051 902 2143 elementis,
928 2075 1102 2150 eorumque
1112 2049 1249 2152 summh
1268 2053 1305 2121 in
1320 2047 1394 2121 alia

349 2151 611 2247 magnitudine,
637 2172 676 2224 ut
694 2147 745 2250 fic
767 2151 910 2224 duarum
935 2149 1206 2246 magnitudinum
1231 2151 1394 2220 rationem

348 2251 606 2325 determinaret.
656 2255 845 2323 Nesntonus
872 2250 973 2338 verb,
1000 2250 1038 2321 ut
1063 2247 1208 2321 methodi
1231 2241 1394 2346 indivtfi-

349 2348 470 2423 biliusn
502 2351 707 2422 brevitatem
742 2344 998 2450 affiqueretur,
1032 2347 1144 2420 rutilus
1168 2367 1309 2438 tamen,
1344 2355 1393 2422 (Ὗ.

350 2449 540 2524 accuratius
557 2447 769 2544 procederet,
804 2449 1017 2547 quantitates
1041 2445 1294 2521 mathematicas
1320 2471 1392 2519 con·

343 2544 505 2651 fideret,
539 2575 601 2624 non
636 2570 675 2621 ut
699 2575 740 2621 eu
759 2550 920 2645 portibus
944 2573 1045 2647 quom
1071 2550 1219 2620 minimis
1244 2544 1394 2716 corsan-

317 2655 319 2660 '
351 2671 424 2740 tes,
443 2646 509 2748 sed
534 2669 574 2722 ut
592 2668 680 2722 motu
697 2653 850 2723 continuo
866 2646 1052 2749 descriptos
1060 2673 1084 2733 ,·
1107 2649 1265 2720 nimirum
1298 2651 1394 2718 ineas

351 2754 476 2845 cogitat
501 2748 664 2850 describi,
691 2774 730 2822 ac
746 2747 955 2848 describendo
968 2751 1127 2844 generari
1136 2799 1149 2838 ‚
1174 2771 1236 2820 nun
1252 2766 1315 2840 per
1333 2768 1395 2837 ap·

348 2845 541 2948 pastionem
561 2853 743 2946 postium,
769 2848 835 2950 sed
854 2869 917 2944 pes
941 2867 1062 2922 motum
1088 2851 1277 2921 continuum
1301 2866 1394 2943 pun-

265 2953 272 2962 ’
351 2952 496 3042 closum,
524 2947 724 3050 superficiei
743 2969 807 3046 per
831 2969 951 3022 motum
975 2945 1169 3038 linearum,
1195 2943 1310 3046 solida
1331 2969 1394 3041 per

352 3072 475 3128 motum
486 3047 763 3152 superficierum,
788 3047 927 3144 angulos·
939 3073 1003 3145 per
1017 3051 1209 3122 rotationem
1227 3046 1395 3138 laterum,

353 3149 402 3226 (⁸1⁴
426 3148 478 3252 fic
502 3155 538 3223 iu
563 3154 710 3226 ceteris.
735 3153 853 3248 ‚Quare
877 3147 940 3222 has
955 3147 1131 3250 fluxiones
1154 3143 1291 3245 infiniti
1312 3167 1395 3241 par·

354 3275 445 3343 vas,
472 3250 538 3350 seu
560 3250 823 3351 evanescentes,
848 3269 945 3324 vocat
969 3247 1030 3322 ille
1056 3245 1192 3322 totidem
1217 3249 1394 3346 quantita·

355 3369 428 3422 tum
454 3351 616 3428 elemento
640 3348 858 3453 respellivl;
891 3369 994 3447 atque
1018 3345 1095 3422 hinc
1120 3345 1266 3421 methodo
1300 3343 1392 3418 indi·

355 3445 543 3549 utfibilium
560 3451 742 3553 substituit
766 3454 954 3524 Neustursus
969 3447 1162 3549 fluuiorum
1187 3444 1395 3537 methodum,

356 3551 398 3627 du
422 3575 491 3652 qur
507 3550 571 3652 suo
595 3551 659 3627 loco
683 3549 859 3628 dicendum
884 3545 987 3624 multl
1012 3549 1221 3626 accuratius.

1285 3765 1348 3820 22.
