3104 4676
311 331 975 408 Etnnr.VII.Sorto'onunr.
1053 340 1139 434 15‘9'

6 456 21 502 r
104 466 106 477 ·
132 432 271 510 rursum
296 432 413 506 eidem
442 423 636 506 intervallo
664 455 714 527 54
743 433 779 507 δι
812 455 884 528 54;
912 431 1007 537 quod
1034 435 1095 509 fiet
1123 446 1181 510 reo'

6 537 21 604 t?

6 660 18 704 I

6 760 15 810 I

131 532 264 608 ssrioiis
294 533 478 646 paululum
507 532 677 606 lateribus
708 531 960 628 instrumenti3
998 533 1034 608 δι
1063 535 1179 609 altero

130 633 215 708 vice
235 658 308 705 acer
336 632 430 705 iatur
450 631 614 704 distantia
643 631 740 706 inter
765 633 865 706 16&
890 631 966 706 16.
1001 637 1087 706 Haec
1108 635 1179 712 erit

128 733 276 823 minor,
375 731 521 804 secunda
541 733 689 809 duarum
710 733 931 824 mediarum,
956 759 1033 835 quae
1054 733 1090 807 in
1110 734 1186 808 hoc'

130 834 303 932 exemplo
322 831 527 905 invenietur
545 832 611 906 effe
632 853 684 923 24
712 833 868 932 partium
896 834 1107 934 aequaliunt3
1139 847 1194 908 ac'

104 961 107 966 ·
129 955 327 1036 propterea
356 931 408 1045 hp
427 953 581 1035 quatuor
601 931 702 1004 Iineae
722 954 826 1006 erunt
847 932 884 1006 in
913 933 1035 1006 eadem
1064 932 1181 1006 conti·

128 1057 207 1108 nua
235 1053 489 1132 proportione,
514 1055 620 1135 qoam
649 1029 781 1107 habent
810 1032 846 1104 hi
866 1053 1020 1134 quatuor
1038 1031 1179 1108 numeri

133 1153 211 1230 542
232 1129 306 1227 36,
334 1155 409 1224 24,
439 1132 505 1204 ¹5·
989 1233 996 1247 ‚
1126 1231 1134 1248 ⁰

236 1234 505 1333 Demonstratio.
530 1236 626 1305 Nam
644 1254 791 1334 propter
809 1231 1103 1308 construiironem
1124 1259 1182 1307 tn·

6 1349 7 1422 Τ
128 1329 317 1414 strumenti
340 1383 352 1424 ,
380 1329 538 1406 &lineae
561 1333 783 1426 solidorum,
811 1359 851 1406 ac
870 1333 1138 1433 proportionem
1165 1383 1180 1425 ,

131 1457 242 1535 quam
263 1431 457 1507 intervalla
479 1433 616 1545 surnpta
647 1433 892 1524 transversim,
912 1433 1078 1508 obtinent
1098 1457 1197 1507 cum1

6 1589 9 1622 ,
130 1532 308 1607 lateribus
328 1531 552 1606 instrumenti
573 1584 586 1624 ,
611 1533 683 1606 erit
703 1534 812 1607 cubus
832 1530 937 1606 reeiae
967 1532 1180 1606 transversa·

6 1685 7 1720 p
131 1630 183 1706 lis
195 1653 243 1727 54
261 1632 303 1705 ad
326 1633 457 1706 cubum¹
476 1632 624 1706 alterius
645 1631 748 1706 κᾶε
769 1631 1009 1706 transversalis
1031 1629 1105 1728 36,
1125 1632 1180 1704 uti

131 1733 230 1807 latus
252 1732 363 1833 ipsunt
391 1733 494 1806 lineae
525 1732 716 1806 solidorum
749 1753 799 1828 54
828 1731 871 1806 ad
901 1731 995 1804 latus
1025 1733 1182 1805 alterum

135 1830 207 1906 16.
232 1835 354 1924 Quare
375 1831 471 1906 ποθι
489 1832 727 1906 transversalis
745 1832 795 1928 36
811 1831 881 1906 erit
901 1830 1016 1930 prima
1031 1827 1183 1905 duarum

130 1931 334 2006 mediarum
360 1932 706 2104 proportionalium,
732 1957 810 2034 quae
840 1931 1020 2031 interponi
1049 1930 1181 2005 debent

132 2033 234 2108 inter
256 2055 308 2126 54
328 2031 365 2105 δε
389 2055 403 2105 1

147 2188 153 2207 .
236 2133 388 2206 Rursum
410 2159 471 2234 per
489 2133 651 2208 eamdem
671 2129 990 2224 construetionem,
1009 2129 1184 2204 cubusre·

132 2233 202 2310 ἃς
232 2232 472 2308 transversalis
495 2234 544 2328 36
574 2233 617 2306 ad
648 2234 777 2305 cubum
807 2228 912 2303 reeta
941 2227 1191 2303 transversarii-

136 2359 191 2427 24
210 2333 281 2425 est,
302 2355 340 2407 ut
355 2334 448 2406 latus
464 2331 559 2407 idem
577 2355 629 2429 54
648 2332 692 2404 ad
711 2331 803 2405 latus
819 2329 973 2402 alterum
997 2329 1063 2400 16.
1086 2331 1184 2427 Ergo
1323 2325 1327 2334 ’

131 2431 237 2509 τοᾶε
258 2427 560 2526 transversalis24
580 2433 628 2506 est
647 2431 797 2505 secunda
816 2429 964 2504 duarum
984 2427 1184 2500 mediarum

136 2534 494 2637 proportionalium,
523 2558 598 2636 quae
629 2531 907 2632 interponuntur
938 2528 1035 2603 inter
1069 2523 1183 2626 54&

143 2633 212 2708 16.
247 2637 339 2708 Tres
366 2631 488 2735 itaque
518 2632 623 2708 κᾶε
655 2655 729 2726 54,
761 2633 834 2729 36,
860 2651 936 2724 24,
971 2623 1018 2701 16
1045 2624 1188 2704 suntin

134 2733 308 2811 continua
326 2733 586 2838 proportione.
613 2731 722 2823 Qtod
742 2752 821 2806 erat
839 2728 910 2803 διο.
1066 2783 1074 2797 .

452 2937 516 3009 De
534 2933 645 3006 Linea
669 2928 879 3006 Metaiiica.

292 3137 746 3208 Inoutznrn
809 3129 990 3202 XVIII.

139 3359 235 3436 249.
328 3339 445 3408 Iuram
463 3331 666 3408 metallicam
684 3329 899 3433 instrumento
913 3329 1112 3430 inscribere.

398 3435 590 3535 Resttiurio.
616 3437 778 3533 Corpora
795 3431 995 3531 regularia,
1022 3448 1061 3503 ut
1082 3423 1189 3524 spho-

138 3563 215 3630 τε,
234 3539 346 3629 cubi,
365 3533 403 3608 &
425 3533 575 3628 similia,
595 3532 816 3608 diversorum
838 3533 1067 3606 metallorum
1090 3549 1188 3599 cont-

138 3636 266 3744 parari
282 3635 377 3712 inter
395 3635 428 3709 se
449 3635 582 3736 poIIunt
602 3634 819 3737 dupliciter,
845 3632 939 3707 mole
959 3682 973 3724 ,
998 3655 1038 3704 ac
1058 3625 1189 3730 ponde·

138 3765 209 3818 re.
246 3736 405 3812 Pondere
424 3735 645 3836 comparatio
664 3736 730 3826 Iit,
756 3733 899 3835 quando
919 3731 1015 3805 inter
1036 3749 1188 3826 corpora

142 3837 282 3920 diverti
300 3835 465 3942 generis,
483 3837 578 3918 mole
599 3835 773 3948 Quoue,
798 3853 835 3912 at
850 3829 1041 3938 inaequalia
1056 3824 1190 3930 ponde·

338 3991 342 3998 -
1083 3951 1146 4028 te,
