3110 4662
400 321 924 396 Pkoosscomnnn.
1029 347 1122 422 v13

128 449 160 504 ν.
198 443 356 515 narrat,
393 447 470 494 cum
504 419 686 520 aliquando
710 421 883 496 metienda
907 421 1113 518 longitudini
1139 432 1177 500 in

128 549 249 624 eampo
273 543 442 615 vacaret,
456 518 561 620 suetis
588 521 848 616 longitudinem,
876 547 951 621 quoe
968 545 1040 596 erat
1062 523 1108 597 16
1119 548 1180 624 pe·

128 629 244 718 dum,
279 625 414 698 cadente
435 626 588 718 pruina,
611 621 700 696 botae
724 629 825 718 unius
847 623 1029 720 intervallo
1053 625 1098 698 ad
1119 648 1179 724 pe·

133 729 201 803 dec
230 748 276 818 ις
307 720 454 824 rediiffi.
506 724 601 798 Huic
624 725 713 802 uitia
737 727 860 798 occurri
879 719 971 823 poffe
987 724 1077 800 docet
1091 728 1178 801 Wol-

135 827 218 928 fiur
243 829 347 898 Geom.
370 825 478 920 prall.
500 843 602 920 patte
631 843 685 913 1.‚
713 818 748 921 fi
770 817 953 922 funiculi,
989 824 1181 923 experibor

148 923 360 1024 conficiuntur
368 921 496 1024 funes,
522 926 560 995 in
573 947 673 1019 gyros
688 927 866 996 contrarios
878 945 1184 1024 contorqueantur;

154 1053 194 1102 uc
209 1045 367 1121 preterea
384 1021 488 1122 funis
505 1023 571 1097 oleo
587 1023 632 1094 ad
650 1026 760 1116 ignem
772 1017 931 1120 ferventi
947 1029 1154 1098 immittatur
1160 1051 1185 1112 ‚·

155 1125 200 1202 θ’
214 1125 388 1226 postquam
413 1121 593 1223 exficcatus
611 1115 745 1219 suerit,
766 1142 830 1217 per
847 1147 953 1216 ceram
967 1121 1184 1222 liquesaidam

153 1223 323 1316 trabatur,
350 1225 461 1322 obque
484 1221 686 1296 obliniatur.
714 1221 856 1296 Nullum
884 1221 1104 1319 longitudinis
1128 1227 1186 1300 de-

149 1347 368 1416 crementum,
401 1328 521 1422 inquit
545 1319 706 1420 Wcrlfim,
739 1325 892 1417 notabit,
917 1318 1048 1424 etiamst
1066 1321 1187 1424 funem

147 1425 333 1528 nliusmodi
355 1447 419 1522 pet
442 1422 533 1498 diem
550 1423 718 1519 integrum
728 1421 795 1523 sub
814 1427 915 1524 aquis
931 1423 1114 1526 demersum
1130 1427 1189 1498 de·

147 1548 279 1600 tomas.

248 1627 304 1699 11.
330 1623 466 1714 Pondus
482 1619 584 1724 sunit
607 1621 865 1720 horizontaliter
890 1621 1016 1725 extenſs
1046 1627 1188 1722 impedi·
1259 1645 1261 1648 ’

148 1748 258 1800 mento
287 1719 368 1826 est,
401 1751 467 1824 quo
494 1725 605 1797 minius
632 1730 669 1798 in
698 1727 817 1798 rectam
844 1725 969 1800 lineam
998 1723 1192 1818 conformari

142 1824 267 1928 poffit.
295 1831 402 1900 Notat
428 1829 555 1900 Carnus
579 1824 638 1896 lib.
668 1849 698 1898 1.
723 1846 797 1920 cap.
826 1848 858 1897 1.
883 1831 998 1902 Geom.
1014 1824 1119 1924 filum
1140 1849 1194 1921 24

144 1925 250 2025 pedes
274 1925 429 2021 longum,
451 1925 638 2022 ponderans
666 1921 733 1998 161
748 1951 863 2021 grona
886 1929 935 2020 ἑ,
961 1927 1009 2016 (5
1026 1926 1124 2020 cujus
1144 1951 1191 2024 33

148 2027 313 2100 diametri
339 2025 486 2124 efficiant
512 2025 590 2098 duos
610 2025 771 2121 pollices,
791 2021 825 2124 fi
850 2025 1107 2126 boriantaliter
1125 2050 1197 2102 ten·

148 2127 261 2202 detur
276 2125 390 2196 decern
406 2129 528 2196 vitium
544 2125 665 2216 libris,
684 2129 820 2200 curvari
838 2129 874 2197 in
893 2127 998 2204 modio
1016 2127 1108 2198 lineri
1127 2129 1196 2200 und

149 2252 225 2300 cm
245 2221 406 2326 semifflt.
454 2227 536 2298 Haec
559 2229 679 2325 itaque
702 2222 853 2297 deviatio
880 2224 1012 2298 alinea
1031 2228 1117 2296 'tella
1135 2233 1199 2298 im.

148 2324 328 2424 pedienda
350 2328 414 2396 etit
439 2320 604 2425 appofitir
617 2347 681 2424 per
704 2323 891 2402 intervalla
907 2321 1176 2426 sustentaculis.

383 2520 836 2600 Posrdonrum
882 2525 967 2600 HL

162 2751 220 2824 34.
338 2727 448 2800 Uovir
472 2719 621 2819 comto,
656 2725 704 2802 Θ*
727 2725 909 2802 intervallo
933 2727 1091 2826 circulum
1106 2725 1203 2828 *pctffe

361 2825 565 2926 describere.
798 2899 800 2904 .

256 2925 408 3002 Praxis.
445 2931 490 3011 ln
514 2925 632 3002 charta
649 2948 709 3024 ope
726 2931 845 3002 circini
857 2953 910 2999 rer
928 2927 1130 3028 absolvitur.
1159 2934 1203 3004 ln

162 3027 332 3122 planitie,
368 3027 420 3104 Θ*
456 3029 655 3126 ubicumque
679 3032 797 3102 circini
821 3048 979 3125 apertura
1003 3047 1102 3102 tanta
1118 3029 1204 3127 fieri

166 3133 306 3224 nequir,
337 3145 478 3227 quanta
503 3132 718 3225 requiritur,
755 3128 831 3222 ejus
856 3133 962 3202 vicent
987 3133 1074 3202 obire
1096 3129 1204 3230 potest
1226 3162 1227 3175 ¹

159 3221 281 3321 filum,
304 3249 362 3304 aut
387 3229 521 3325 virga,
540 3225 620 3328 five
645 3226 781 3324 lignea,
799 3226 879 3329 five
890 3227 1026 3327 ferrea.
1076 3229 1204 3301 sende

166 3328 296 3421 circulo,
317 3329 420 3426 cujus
447 3326 533 3431 usuc
556 3325 710 3432 latifflmi
730 3345 852 3426 patet,
883 3328 988 3433 plura
1011 3351 1084 3404 mox
1107 3348 1205 3406 erunt

164 3425 308 3516 luenda.
