<?xml version="1.0" encoding="UTF-8"?>
<!DOCTYPE html PUBLIC "-//W3C//DTD XHTML 1.0 Transitional//EN"
    "http://www.w3.org/TR/xhtml1/DTD/xhtml1-transitional.dtd">
<html xmlns="http://www.w3.org/1999/xhtml" xml:lang="en" lang="en">
 <head>
  <title>
</title>
<meta http-equiv="Content-Type" content="text/html;charset=utf-8" />
  <meta name='ocr-system' content='tesseract 3.04.00' />
  <meta name='ocr-capabilities' content='ocr_page ocr_carea ocr_par ocr_line ocrx_word'/>
</head>
<body>
  <div class='ocr_page' id='page_1' title='image "./elementageometr00leccgoog_0219.png"; bbox 0 0 3104 4682; ppageno 0'>
   <div class='ocr_carea' id='block_1_1' title="bbox 4 1211 7 1390">
    <p class='ocr_par' dir='ltr' id='par_1_1' title="bbox 4 1211 7 1390">
     <span class='ocr_line' id='line_1_1' title="bbox 4 1211 7 1390; baseline 0 0"><span class='ocrx_word' id='word_1_1' title='bbox 4 1211 7 1390; x_wconf 90' lang='grc' dir='ltr'>Ι</span> 
     </span>
    </p>
   </div>
   <div class='ocr_carea' id='block_1_2' title="bbox 120 375 1170 1088">
    <p class='ocr_par' dir='ltr' id='par_1_2' title="bbox 120 375 1170 882">
     <span class='ocr_line' id='line_1_2' title="bbox 152 375 1117 480; baseline 0.004 -30"><span class='ocrx_word' id='word_1_2' title='bbox 152 429 156 436; x_wconf 87' lang='lat'>-</span> <span class='ocrx_word' id='word_1_3' title='bbox 402 377 560 456; x_wconf 72' lang='lat' dir='ltr'>Eram.</span> <span class='ocrx_word' id='word_1_4' title='bbox 588 379 692 452; x_wconf 88' lang='lat' dir='ltr'>Vll.</span> <span class='ocrx_word' id='word_1_5' title='bbox 728 377 830 449; x_wconf 78' lang='lat' dir='ltr'>Ltn.</span> <span class='ocrx_word' id='word_1_6' title='bbox 856 375 887 450; x_wconf 87' lang='lat'>1.</span> <span class='ocrx_word' id='word_1_7' title='bbox 1045 381 1117 480; x_wconf 88' lang='lat'>187</span> 
     </span>
     <span class='ocr_line' id='line_1_3' title="bbox 121 475 1170 654; baseline 0 -96"><span class='ocrx_word' id='word_1_8' title='bbox 121 487 230 574; x_wconf 88' lang='lat' dir='ltr'>EG,</span> <span class='ocrx_word' id='word_1_9' title='bbox 261 501 341 583; x_wconf 77' lang='lat' dir='ltr'>quae</span> <span class='ocrx_word' id='word_1_10' title='bbox 377 503 543 558; x_wconf 85' lang='lat' dir='ltr'>occurret</span> <span class='ocrx_word' id='word_1_11' title='bbox 583 481 620 556; x_wconf 94' lang='lat' dir='ltr'>in</span> <span class='ocrx_word' id='word_1_12' title='bbox 656 483 692 554; x_wconf 91' lang='lat' dir='ltr'>G</span> <span class='ocrx_word' id='word_1_13' title='bbox 729 475 835 552; x_wconf 86' lang='lat' dir='ltr'>lateri</span> <span class='ocrx_word' id='word_1_14' title='bbox 861 480 945 552; x_wconf 90' lang='lat' dir='ltr'>CD</span> <span class='ocrx_word' id='word_1_15' title='bbox 971 480 1170 654; x_wconf 71' lang='lat' dir='ltr'>produilo;</span> 
     </span>
     <span class='ocr_line' id='line_1_4' title="bbox 120 579 1170 684; baseline -0.002 -24"><span class='ocrx_word' id='word_1_16' title='bbox 120 587 354 684; x_wconf 81' lang='lat' dir='ltr'>jungaturque</span> <span class='ocrx_word' id='word_1_17' title='bbox 381 582 479 655; x_wconf 85' lang='lat' dir='ltr'>FG.</span> <span class='ocrx_word' id='word_1_18' title='bbox 514 587 594 658; x_wconf 86' lang='lat' dir='ltr'>Hac</span> <span class='ocrx_word' id='word_1_19' title='bbox 621 581 735 682; x_wconf 83' lang='lat' dir='ltr'>prima</span> <span class='ocrx_word' id='word_1_20' title='bbox 750 579 960 681; x_wconf 85' lang='lat' dir='ltr'>operatione</span> <span class='ocrx_word' id='word_1_21' title='bbox 1003 580 1170 658; x_wconf 84' lang='lat' dir='ltr'>abebitur</span> 
     </span>
     <span class='ocr_line' id='line_1_5' title="bbox 120 680 1169 792; baseline 0.001 -34"><span class='ocrx_word' id='word_1_22' title='bbox 120 687 297 792; x_wconf 88' lang='lat' dir='ltr'>polygono</span> <span class='ocrx_word' id='word_1_23' title='bbox 323 681 503 782; x_wconf 76' lang='lat' dir='ltr'>proposito</span> <span class='ocrx_word' id='word_1_24' title='bbox 529 709 556 770; x_wconf 66' lang='grc' dir='ltr'>σε</span> <span class='ocrx_word' id='word_1_25' title='bbox 586 683 664 761; x_wconf 82' lang='lat' dir='ltr'>uale</span> <span class='ocrx_word' id='word_1_26' title='bbox 691 680 910 784; x_wconf 80' lang='lat' dir='ltr'>polygonum</span> <span class='ocrx_word' id='word_1_27' title='bbox 936 685 1169 780; x_wconf 88' lang='lat' dir='ltr'>ABCGF,</span> 
     </span>
     <span class='ocr_line' id='line_1_6' title="bbox 123 781 774 882; baseline -0.014 -19"><span class='ocrx_word' id='word_1_28' title='bbox 123 812 201 863; x_wconf 91' lang='lat' dir='ltr'>uno</span> <span class='ocrx_word' id='word_1_29' title='bbox 222 787 332 858; x_wconf 82' lang='lat' dir='ltr'>latero</span> <span class='ocrx_word' id='word_1_30' title='bbox 359 781 526 862; x_wconf 86' lang='lat' dir='ltr'>deficiens</span> <span class='ocrx_word' id='word_1_31' title='bbox 589 815 624 862; x_wconf 86' lang='lat' dir='ltr'>n.</span> <span class='ocrx_word' id='word_1_32' title='bbox 644 785 774 882; x_wconf 82' lang='lat'>319).</span> 
     </span>
    </p>

    <p class='ocr_par' dir='ltr' id='par_1_3' title="bbox 127 881 1168 1088">
     <span class='ocr_line' id='line_1_7' title="bbox 222 881 1168 986; baseline 0.005 -31"><span class='ocrx_word' id='word_1_33' title='bbox 222 885 267 956; x_wconf 89' lang='lat' dir='ltr'>ll.</span> <span class='ocrx_word' id='word_1_34' title='bbox 313 882 569 963; x_wconf 79' lang='lat' dir='ltr'>Consideretur</span> <span class='ocrx_word' id='word_1_35' title='bbox 604 885 675 978; x_wconf 83' lang='lat' dir='ltr'>jam</span> <span class='ocrx_word' id='word_1_36' title='bbox 708 884 775 959; x_wconf 91' lang='lat' dir='ltr'>hoc</span> <span class='ocrx_word' id='word_1_37' title='bbox 810 881 913 958; x_wconf 70' lang='lat' dir='ltr'>unici</span> <span class='ocrx_word' id='word_1_38' title='bbox 949 882 1168 986; x_wconf 79' lang='lat' dir='ltr'>polygonum</span> 
     </span>
     <span class='ocr_line' id='line_1_8' title="bbox 127 983 1168 1088; baseline -0.002 -26"><span class='ocrx_word' id='word_1_39' title='bbox 127 986 341 1076; x_wconf 81' lang='lat' dir='ltr'>ABCGF,</span> <span class='ocrx_word' id='word_1_40' title='bbox 368 985 463 1088; x_wconf 87' lang='lat' dir='ltr'>quod</span> <span class='ocrx_word' id='word_1_41' title='bbox 490 988 624 1064; x_wconf 90' lang='lat' dir='ltr'>iterum</span> <span class='ocrx_word' id='word_1_42' title='bbox 652 983 892 1062; x_wconf 85' lang='lat' dir='ltr'>reducendum</span> <span class='ocrx_word' id='word_1_43' title='bbox 913 985 983 1060; x_wconf 88' lang='lat' dir='ltr'>crit</span> <span class='ocrx_word' id='word_1_44' title='bbox 1003 986 1048 1059; x_wconf 88' lang='lat' dir='ltr'>ad</span> <span class='ocrx_word' id='word_1_45' title='bbox 1069 985 1168 1060; x_wconf 83' lang='lat' dir='ltr'>aliud</span> 
     </span>
    </p>
   </div>
   <div class='ocr_carea' id='block_1_3' title="bbox 63 1075 1167 1190">
    <p class='ocr_par' dir='ltr' id='par_1_4' title="bbox 63 1075 1167 1190">
     <span class='ocr_line' id='line_1_9' title="bbox 63 1075 1167 1190; baseline -0.002 -28"><span class='ocrx_word' id='word_1_46' title='bbox 63 1129 68 1152; x_wconf 64' lang='grc' dir='ltr'><strong><em>ι</em></strong></span> <span class='ocrx_word' id='word_1_47' title='bbox 129 1086 191 1188; x_wconf 81' lang='lat' dir='ltr'>ipsi</span> <span class='ocrx_word' id='word_1_48' title='bbox 215 1083 374 1190; x_wconf 80' lang='lat' dir='ltr'>aquale‚</span> <span class='ocrx_word' id='word_1_49' title='bbox 402 1087 438 1162; x_wconf 86' lang='lat'>&amp;</span> <span class='ocrx_word' id='word_1_50' title='bbox 468 1115 538 1168; x_wconf 87' lang='lat' dir='ltr'>uno</span> <span class='ocrx_word' id='word_1_51' title='bbox 564 1089 678 1164; x_wconf 82' lang='lat' dir='ltr'>latere</span> <span class='ocrx_word' id='word_1_52' title='bbox 702 1075 904 1176; x_wconf 73' lang='lat' dir='ltr'>deficient,</span> <span class='ocrx_word' id='word_1_53' title='bbox 941 1086 1007 1161; x_wconf 89' lang='lat' dir='ltr'>hoc</span> <span class='ocrx_word' id='word_1_54' title='bbox 1034 1086 1167 1186; x_wconf 71' lang='lat' dir='ltr'>pasin.</span> 
     </span>
    </p>
   </div>
   <div class='ocr_carea' id='block_1_4' title="bbox 126 1185 1167 1390">
    <p class='ocr_par' dir='ltr' id='par_1_5' title="bbox 126 1185 1167 1390">
     <span class='ocr_line' id='line_1_10' title="bbox 126 1185 1167 1288; baseline -0.003 -26"><span class='ocrx_word' id='word_1_55' title='bbox 126 1189 279 1262; x_wconf 86' lang='lat' dir='ltr'>Ducatur</span> <span class='ocrx_word' id='word_1_56' title='bbox 306 1185 406 1260; x_wconf 68' lang='lat' dir='ltr'>teila</span> <span class='ocrx_word' id='word_1_57' title='bbox 434 1192 535 1282; x_wconf 88' lang='lat' dir='ltr'>AG,</span> <span class='ocrx_word' id='word_1_58' title='bbox 561 1190 619 1265; x_wconf 89' lang='lat' dir='ltr'>cui</span> <span class='ocrx_word' id='word_1_59' title='bbox 641 1187 813 1288; x_wconf 75' lang='lat' dir='ltr'>parallelo</span> <span class='ocrx_word' id='word_1_60' title='bbox 835 1187 917 1284; x_wconf 46' lang='grc' dir='ltr'>,ΕΗ</span> <span class='ocrx_word' id='word_1_61' title='bbox 943 1207 1106 1262; x_wconf 86' lang='lat' dir='ltr'>occurret</span> <span class='ocrx_word' id='word_1_62' title='bbox 1128 1187 1167 1260; x_wconf 92' lang='lat' dir='ltr'>in</span> 
     </span>
     <span class='ocr_line' id='line_1_11' title="bbox 126 1285 1167 1390; baseline 0.001 -30"><span class='ocrx_word' id='word_1_63' title='bbox 126 1291 163 1360; x_wconf 89' lang='lat' dir='ltr'>H</span> <span class='ocrx_word' id='word_1_64' title='bbox 184 1285 283 1362; x_wconf 87' lang='lat' dir='ltr'>lateri</span> <span class='ocrx_word' id='word_1_65' title='bbox 309 1289 393 1359; x_wconf 92' lang='lat' dir='ltr'>CD</span> <span class='ocrx_word' id='word_1_66' title='bbox 418 1287 613 1389; x_wconf 68' lang='lat' dir='ltr'>produilo;</span> <span class='ocrx_word' id='word_1_67' title='bbox 637 1289 872 1390; x_wconf 82' lang='lat' dir='ltr'>jungaturque</span> <span class='ocrx_word' id='word_1_68' title='bbox 891 1290 994 1359; x_wconf 85' lang='lat' dir='ltr'>AH:</span> <span class='ocrx_word' id='word_1_69' title='bbox 1021 1286 1167 1362; x_wconf 84' lang='lat' dir='ltr'>habebi·</span> 
     </span>
    </p>
   </div>
   <div class='ocr_carea' id='block_1_5' title="bbox 4 1384 1168 1562">
    <p class='ocr_par' dir='ltr' id='par_1_6' title="bbox 4 1384 1168 1604">
     <span class='ocr_line' id='line_1_12' title="bbox 125 1384 1168 1490; baseline 0.002 -27.792"><span class='ocrx_word' id='word_1_70' title='bbox 125 1407 179 1462; x_wconf 90' lang='lat' dir='ltr'>tur</span> <span class='ocrx_word' id='word_1_71' title='bbox 205 1413 338 1462; x_wconf 86' lang='lat' dir='ltr'>novum</span> <span class='ocrx_word' id='word_1_72' title='bbox 377 1389 594 1490; x_wconf 83' lang='lat' dir='ltr'>polygonum</span> <span class='ocrx_word' id='word_1_73' title='bbox 620 1384 785 1463; x_wconf 86' lang='lat' dir='ltr'>ABCH</span> <span class='ocrx_word' id='word_1_74' title='bbox 809 1413 858 1460; x_wconf 88' lang='lat'>:</span> <span class='ocrx_word' id='word_1_75' title='bbox 888 1389 1091 1462; x_wconf 84' lang='lat' dir='ltr'>ABCGF</span> <span class='ocrx_word' id='word_1_76' title='bbox 1117 1413 1168 1464; x_wconf 91' lang='lat'><strong>:</strong></span> 
     </span>
     <span class='ocr_line' id='line_1_13' title="bbox 4 1491 383 1562; baseline 0 -2"><span class='ocrx_word' id='word_1_77' title='bbox 4 1529 6 1550; x_wconf 54' lang='lat' dir='ltr'>t</span> <span class='ocrx_word' id='word_1_78' title='bbox 124 1491 383 1562; x_wconf 84' lang='lat' dir='ltr'><strong>ABCDEF.</strong></span> 
     </span>
    </p>
   </div>
   <div class='ocr_carea' id='block_1_6' title="bbox 213 1587 1167 1691">
    <p class='ocr_par' dir='ltr' id='par_1_7' title="bbox 213 1587 1167 1691">
     <span class='ocr_line' id='line_1_14' title="bbox 213 1587 1167 1691; baseline 0.001 -32"><span class='ocrx_word' id='word_1_79' title='bbox 213 1589 282 1660; x_wconf 89' lang='lat'><em>111.</em></span> <span class='ocrx_word' id='word_1_80' title='bbox 298 1591 395 1662; x_wconf 89' lang='lat' dir='ltr'>Cum</span> <span class='ocrx_word' id='word_1_81' title='bbox 406 1611 526 1666; x_wconf 87' lang='lat' dir='ltr'>aurem</span> <span class='ocrx_word' id='word_1_82' title='bbox 539 1589 605 1667; x_wconf 88' lang='lat' dir='ltr'>hoc</span> <span class='ocrx_word' id='word_1_83' title='bbox 616 1591 784 1667; x_wconf 89' lang='lat' dir='ltr'>ultimum</span> <span class='ocrx_word' id='word_1_84' title='bbox 798 1589 1017 1691; x_wconf 80' lang='lat' dir='ltr'>polygonum</span> <span class='ocrx_word' id='word_1_85' title='bbox 1029 1587 1167 1662; x_wconf 87' lang='lat' dir='ltr'>ABCH</span> 
     </span>
    </p>
   </div>
   <div class='ocr_carea' id='block_1_7' title="bbox 4 1687 1166 1966">
    <p class='ocr_par' dir='ltr' id='par_1_8' title="bbox 4 1677 1166 1966">
     <span class='ocr_line' id='line_1_15' title="bbox 4 1687 1166 1864; baseline -0.001 -101"><span class='ocrx_word' id='word_1_86' title='bbox 4 1765 6 1774; x_wconf 66' lang='grc'>,</span> <span class='ocrx_word' id='word_1_87' title='bbox 123 1688 240 1764; x_wconf 79' lang='lat' dir='ltr'>habeat</span> <span class='ocrx_word' id='word_1_88' title='bbox 269 1687 365 1763; x_wconf 87' lang='lat' dir='ltr'>latus</span> <span class='ocrx_word' id='word_1_89' title='bbox 392 1694 506 1786; x_wconf 85' lang='grc' dir='ltr'>ΑΗ,</span> <span class='ocrx_word' id='word_1_90' title='bbox 541 1693 636 1798; x_wconf 88' lang='lat' dir='ltr'>quod</span> <span class='ocrx_word' id='word_1_91' title='bbox 673 1691 795 1767; x_wconf 81' lang='lat' dir='ltr'>assumi</span> <span class='ocrx_word' id='word_1_92' title='bbox 822 1691 934 1864; x_wconf 83' lang='lat' dir='ltr'>potcsl</span> <span class='ocrx_word' id='word_1_93' title='bbox 961 1717 1026 1791; x_wconf 90' lang='lat' dir='ltr'>pro</span> <span class='ocrx_word' id='word_1_94' title='bbox 1051 1689 1166 1802; x_wconf 77' lang='lat' dir='ltr'>latere</span> 
     </span>
     <span class='ocr_line' id='line_1_16' title="bbox 4 1783 1165 1966; baseline -0.003 -102"><span class='ocrx_word' id='word_1_95' title='bbox 4 1783 18 1888; x_wconf 68' lang='lat' dir='ltr'>l</span> <span class='ocrx_word' id='word_1_96' title='bbox 120 1789 287 1888; x_wconf 76' lang='lat' dir='ltr'>trianguli</span> <span class='ocrx_word' id='word_1_97' title='bbox 316 1790 709 1884; x_wconf 85' lang='lat' dir='ltr'>IAHconslruendi‚</span> <span class='ocrx_word' id='word_1_98' title='bbox 747 1793 822 1866; x_wconf 91' lang='lat' dir='ltr'>nihi</span> <span class='ocrx_word' id='word_1_99' title='bbox 866 1787 1016 1966; x_wconf 57' lang='lat' dir='ltr'>superest</span> <span class='ocrx_word' id='word_1_100' title='bbox 1041 1788 1165 1881; x_wconf 77' lang='lat' dir='ltr'>aliud,</span> 
     </span>
    </p>
   </div>
   <div class='ocr_carea' id='block_1_8' title="bbox 4 1888 891 2063">
    <p class='ocr_par' dir='ltr' id='par_1_9' title="bbox 4 1888 891 2063">
     <span class='ocr_line' id='line_1_17' title="bbox 4 1888 891 2063; baseline 0.005 -100"><span class='ocrx_word' id='word_1_101' title='bbox 4 1891 6 1928; x_wconf 67' lang='lat' dir='ltr'>r</span> <span class='ocrx_word' id='word_1_102' title='bbox 119 1891 218 2063; x_wconf 51' lang='lat' dir='ltr'>puina</span> <span class='ocrx_word' id='word_1_103' title='bbox 246 1888 415 1966; x_wconf 74' lang='lat' dir='ltr'>redutlio</span> <span class='ocrx_word' id='word_1_104' title='bbox 435 1892 499 1968; x_wconf 84' lang='lat' dir='ltr'>suae</span> <span class='ocrx_word' id='word_1_105' title='bbox 521 1895 630 1996; x_wconf 86' lang='lat' dir='ltr'>partis</span> <span class='ocrx_word' id='word_1_106' title='bbox 653 1897 794 1967; x_wconf 76' lang='grc' dir='ltr'><strong>ΑΒΕ.</strong></span> <span class='ocrx_word' id='word_1_107' title='bbox 830 1892 891 1967; x_wconf 91' lang='lat' dir='ltr'>Du</span> 
     </span>
    </p>
   </div>
   <div class='ocr_carea' id='block_1_9' title="bbox 153 1889 1166 2098">
    <p class='ocr_par' dir='ltr' id='par_1_10' title="bbox 153 1889 1166 2098">
     <span class='ocr_line' id='line_1_18' title="bbox 931 1889 1166 1994; baseline -0.013 -29"><span class='ocrx_word' id='word_1_108' title='bbox 931 1889 1089 1994; x_wconf 74' lang='lat' dir='ltr'>litaque</span> <span class='ocrx_word' id='word_1_109' title='bbox 1110 1917 1166 1963; x_wconf 89' lang='lat' dir='ltr'>re·</span> 
     </span>
     <span class='ocr_line' id='line_1_19' title="bbox 153 1988 1165 2098; baseline -0.001 -35"><span class='ocrx_word' id='word_1_110' title='bbox 153 1991 306 2083; x_wconf 81' lang='lat' dir='ltr'>lAC,</span> <span class='ocrx_word' id='word_1_111' title='bbox 344 1991 449 2096; x_wconf 87' lang='lat' dir='ltr'>eique</span> <span class='ocrx_word' id='word_1_112' title='bbox 476 1995 647 2098; x_wconf 71' lang='lat' dir='ltr'>paralleli</span> <span class='ocrx_word' id='word_1_113' title='bbox 671 1997 757 2088; x_wconf 84' lang='lat' dir='ltr'>Bi,</span> <span class='ocrx_word' id='word_1_114' title='bbox 783 2019 860 2098; x_wconf 85' lang='lat' dir='ltr'>quae</span> <span class='ocrx_word' id='word_1_115' title='bbox 888 1992 958 2068; x_wconf 79' lang='lat' dir='ltr'>basi</span> <span class='ocrx_word' id='word_1_116' title='bbox 984 1988 1165 2094; x_wconf 68' lang='lat' dir='ltr'>produilae</span> 
     </span>
    </p>
   </div>
   <div class='ocr_carea' id='block_1_10' title="bbox 4 2091 1168 2297">
    <p class='ocr_par' dir='ltr' id='par_1_11' title="bbox 4 2091 1168 2297">
     <span class='ocr_line' id='line_1_20' title="bbox 4 2091 1168 2198; baseline -0.009 -26"><span class='ocrx_word' id='word_1_117' title='bbox 4 2165 5 2172; x_wconf 74' lang='grc'>,</span> <span class='ocrx_word' id='word_1_118' title='bbox 120 2091 193 2164; x_wconf 88' lang='lat' dir='ltr'>DC</span> <span class='ocrx_word' id='word_1_119' title='bbox 224 2114 394 2167; x_wconf 87' lang='lat' dir='ltr'>occurrat</span> <span class='ocrx_word' id='word_1_120' title='bbox 422 2095 459 2168; x_wconf 95' lang='lat' dir='ltr'>in</span> <span class='ocrx_word' id='word_1_121' title='bbox 487 2097 527 2188; x_wconf 90' lang='lat' dir='ltr'>I,</span> <span class='ocrx_word' id='word_1_122' title='bbox 564 2095 753 2198; x_wconf 69' lang='lat' dir='ltr'>iuniiiquc</span> <span class='ocrx_word' id='word_1_123' title='bbox 782 2097 869 2186; x_wconf 88' lang='lat' dir='ltr'>Al,</span> <span class='ocrx_word' id='word_1_124' title='bbox 897 2091 1168 2168; x_wconf 82' lang='lat' dir='ltr'>transformabi-</span> 
     </span>
     <span class='ocr_line' id='line_1_21' title="bbox 4 2190 1167 2297; baseline 0 -33"><span class='ocrx_word' id='word_1_125' title='bbox 4 2199 5 2208; x_wconf 77' lang='grc'>’</span> <span class='ocrx_word' id='word_1_126' title='bbox 120 2211 172 2264; x_wconf 91' lang='lat' dir='ltr'>tur</span> <span class='ocrx_word' id='word_1_127' title='bbox 196 2193 420 2293; x_wconf 82' lang='lat' dir='ltr'>polygonum</span> <span class='ocrx_word' id='word_1_128' title='bbox 447 2196 662 2297; x_wconf 74' lang='lat' dir='ltr'>propositum</span> <span class='ocrx_word' id='word_1_129' title='bbox 699 2194 946 2268; x_wconf 81' lang='lat' dir='ltr'>ABCDEF</span> <span class='ocrx_word' id='word_1_130' title='bbox 987 2192 1026 2266; x_wconf 92' lang='lat' dir='ltr'>in</span> <span class='ocrx_word' id='word_1_131' title='bbox 1053 2190 1167 2270; x_wconf 84' lang='lat' dir='ltr'>trian-</span> 
     </span>
    </p>
   </div>
   <div class='ocr_carea' id='block_1_11' title="bbox 120 2293 730 2577">
    <p class='ocr_par' dir='ltr' id='par_1_12' title="bbox 120 2293 730 2577">
     <span class='ocr_line' id='line_1_22' title="bbox 120 2293 606 2396; baseline 0.008 -30"><span class='ocrx_word' id='word_1_132' title='bbox 120 2293 235 2390; x_wconf 87' lang='lat' dir='ltr'>gulum</span> <span class='ocrx_word' id='word_1_133' title='bbox 264 2295 449 2396; x_wconf 76' lang='lat' dir='ltr'>quaesitum</span> <span class='ocrx_word' id='word_1_134' title='bbox 475 2297 606 2370; x_wconf 87' lang='lat' dir='ltr'><strong>IAH.</strong></span> 
     </span>
     <span class='ocr_line' id='line_1_23' title="bbox 555 2498 730 2577; baseline -0.006 -3"><span class='ocrx_word' id='word_1_135' title='bbox 555 2498 730 2577; x_wconf 82' lang='lat' dir='ltr'>Scholion.</span> 
     </span>
    </p>
   </div>
   <div class='ocr_carea' id='block_1_12' title="bbox 125 2689 1168 3206">
    <p class='ocr_par' dir='ltr' id='par_1_13' title="bbox 125 2689 1168 3206">
     <span class='ocr_line' id='line_1_24' title="bbox 218 2689 1168 2804; baseline -0.004 -32"><span class='ocrx_word' id='word_1_136' title='bbox 218 2699 347 2772; x_wconf 80' lang='lat' dir='ltr'>Orobis</span> <span class='ocrx_word' id='word_1_137' title='bbox 373 2699 523 2774; x_wconf 80' lang='lat' dir='ltr'>eamdem</span> <span class='ocrx_word' id='word_1_138' title='bbox 545 2703 680 2804; x_wconf 81' lang='lat' dir='ltr'>prorsus</span> <span class='ocrx_word' id='word_1_139' title='bbox 702 2699 766 2802; x_wconf 81' lang='lat' dir='ltr'>effe</span> <span class='ocrx_word' id='word_1_140' title='bbox 782 2698 1070 2802; x_wconf 68' lang='grc' dir='ltr'>εοηβναθίοησηι,</span> <span class='ocrx_word' id='word_1_141' title='bbox 1090 2689 1168 2796; x_wconf 83' lang='lat' dir='ltr'>five</span> 
     </span>
     <span class='ocr_line' id='line_1_25' title="bbox 241 2798 1168 2971; baseline -0.004 -97"><span class='ocrx_word' id='word_1_142' title='bbox 241 2800 445 2897; x_wconf 79' lang='lat' dir='ltr'>polygonum</span> <span class='ocrx_word' id='word_1_143' title='bbox 467 2800 586 2876; x_wconf 79' lang='lat' dir='ltr'>datum</span> <span class='ocrx_word' id='word_1_144' title='bbox 610 2801 830 2877; x_wconf 81' lang='lat' dir='ltr'>reducendum</span> <span class='ocrx_word' id='word_1_145' title='bbox 852 2798 908 2971; x_wconf 60' lang='lat' dir='ltr'>ft</span> <span class='ocrx_word' id='word_1_146' title='bbox 943 2805 980 2874; x_wconf 84' lang='lat' dir='ltr'>io</span> <span class='ocrx_word' id='word_1_147' title='bbox 1015 2802 1168 2892; x_wconf 83' lang='lat' dir='ltr'>triangu-</span> 
     </span>
     <span class='ocr_line' id='line_1_26' title="bbox 125 2897 1167 3004; baseline -0.003 -34"><span class='ocrx_word' id='word_1_148' title='bbox 125 2897 213 2992; x_wconf 82' lang='lat' dir='ltr'>ltun,</span> <span class='ocrx_word' id='word_1_149' title='bbox 249 2900 352 2992; x_wconf 78' lang='lat' dir='ltr'>cujus</span> <span class='ocrx_word' id='word_1_150' title='bbox 377 2923 498 2976; x_wconf 81' lang='lat' dir='ltr'>vertex</span> <span class='ocrx_word' id='word_1_151' title='bbox 524 2901 573 3004; x_wconf 80' lang='lat' dir='ltr'>fit</span> <span class='ocrx_word' id='word_1_152' title='bbox 609 2908 645 2977; x_wconf 86' lang='lat' dir='ltr'>in</span> <span class='ocrx_word' id='word_1_153' title='bbox 672 2929 735 2976; x_wconf 84' lang='lat' dir='ltr'>uno</span> <span class='ocrx_word' id='word_1_154' title='bbox 760 2929 850 2998; x_wconf 78' lang='lat' dir='ltr'>ango</span> <span class='ocrx_word' id='word_1_155' title='bbox 864 2927 954 2976; x_wconf 87' lang='lat' dir='ltr'>orum</span> <span class='ocrx_word' id='word_1_156' title='bbox 985 2899 1167 2996; x_wconf 82' lang='lat' dir='ltr'>polygoni,</span> 
     </span>
     <span class='ocr_line' id='line_1_27' title="bbox 125 2994 1168 3176; baseline -0.004 -105"><span class='ocrx_word' id='word_1_157' title='bbox 125 2994 187 3098; x_wconf 72' lang='lat' dir='ltr'>sive</span> <span class='ocrx_word' id='word_1_158' title='bbox 204 2999 353 3074; x_wconf 65' lang='lat' dir='ltr'>rodomo</span> <span class='ocrx_word' id='word_1_159' title='bbox 370 3003 579 3102; x_wconf 78' lang='lat' dir='ltr'>instituenda</span> <span class='ocrx_word' id='word_1_160' title='bbox 592 3003 647 3176; x_wconf 53' lang='lat' dir='ltr'>fr</span> <span class='ocrx_word' id='word_1_161' title='bbox 665 3012 702 3078; x_wconf 85' lang='lat' dir='ltr'>in</span> <span class='ocrx_word' id='word_1_162' title='bbox 717 3002 950 3101; x_wconf 80' lang='lat' dir='ltr'>triangulum,</span> <span class='ocrx_word' id='word_1_163' title='bbox 975 2997 1073 3094; x_wconf 74' lang='lat' dir='ltr'>cojus</span> <span class='ocrx_word' id='word_1_164' title='bbox 1091 3019 1168 3068; x_wconf 83' lang='lat' dir='ltr'>ver·</span> 
     </span>
     <span class='ocr_line' id='line_1_28' title="bbox 129 3099 724 3206; baseline 0.013 -36"><span class='ocrx_word' id='word_1_165' title='bbox 129 3117 176 3173; x_wconf 80' lang='lat' dir='ltr'>tex</span> <span class='ocrx_word' id='word_1_166' title='bbox 191 3099 240 3202; x_wconf 79' lang='lat' dir='ltr'>fir</span> <span class='ocrx_word' id='word_1_167' title='bbox 268 3107 305 3175; x_wconf 82' lang='lat' dir='ltr'>io</span> <span class='ocrx_word' id='word_1_168' title='bbox 332 3127 399 3176; x_wconf 83' lang='lat' dir='ltr'>ono</span> <span class='ocrx_word' id='word_1_169' title='bbox 423 3100 528 3177; x_wconf 80' lang='lat' dir='ltr'>latere</span> <span class='ocrx_word' id='word_1_170' title='bbox 546 3126 592 3203; x_wconf 88' lang='lat' dir='ltr'>po</span> <span class='ocrx_word' id='word_1_171' title='bbox 598 3109 724 3206; x_wconf 85' lang='lat' dir='ltr'>ygoni.</span> 
     </span>
    </p>
   </div>
   <div class='ocr_carea' id='block_1_13' title="bbox 491 3305 800 3381">
    <p class='ocr_par' dir='ltr' id='par_1_14' title="bbox 491 3305 800 3381">
     <span class='ocr_line' id='line_1_29' title="bbox 491 3305 800 3381; baseline -0.003 -4"><span class='ocrx_word' id='word_1_172' title='bbox 491 3305 710 3381; x_wconf 79' lang='lat' dir='ltr'>corollarium</span> <span class='ocrx_word' id='word_1_173' title='bbox 737 3310 761 3376; x_wconf 86' lang='grc' dir='ltr'><em>Ι</em></span> <span class='ocrx_word' id='word_1_174' title='bbox 768 3311 800 3378; x_wconf 90' lang='lat' dir='ltr'>I.</span> 
     </span>
    </p>
   </div>
   <div class='ocr_carea' id='block_1_14' title="bbox 4 3487 1173 3820">
    <p class='ocr_par' dir='ltr' id='par_1_15' title="bbox 4 3487 1173 3820">
     <span class='ocr_line' id='line_1_30' title="bbox 128 3487 1171 3694; baseline -0.018 -117"><span class='ocrx_word' id='word_1_175' title='bbox 128 3522 208 3598; x_wconf 84' lang='lat'>321.</span> <span class='ocrx_word' id='word_1_176' title='bbox 229 3501 549 3694; x_wconf 83' lang='lat' dir='ltr'>Consequitur</span> <span class='ocrx_word' id='word_1_177' title='bbox 577 3505 659 3580; x_wconf 91' lang='lat' dir='ltr'>hinc</span> <span class='ocrx_word' id='word_1_178' title='bbox 679 3504 872 3581; x_wconf 85' lang='lat' dir='ltr'>artificium</span> <span class='ocrx_word' id='word_1_179' title='bbox 898 3487 1090 3574; x_wconf 84' lang='lat' dir='ltr'>reducendi</span> <span class='ocrx_word' id='word_1_180' title='bbox 1111 3513 1171 3598; x_wconf 87' lang='lat' dir='ltr'>po·</span> 
     </span>
     <span class='ocr_line' id='line_1_31' title="bbox 4 3596 1171 3708; baseline -0.021 -27"><span class='ocrx_word' id='word_1_181' title='bbox 4 3691 6 3702; x_wconf 17' lang='lat' dir='ltr'>p</span> <span class='ocrx_word' id='word_1_182' title='bbox 354 3602 526 3702; x_wconf 90' lang='lat' dir='ltr'>lygonum</span> <span class='ocrx_word' id='word_1_183' title='bbox 553 3607 707 3708; x_wconf 88' lang='lat' dir='ltr'>quodvis</span> <span class='ocrx_word' id='word_1_184' title='bbox 734 3607 771 3679; x_wconf 93' lang='lat' dir='ltr'>in</span> <span class='ocrx_word' id='word_1_185' title='bbox 799 3596 1046 3696; x_wconf 83' lang='lat' dir='ltr'>triangulum,</span> <span class='ocrx_word' id='word_1_186' title='bbox 1073 3609 1171 3675; x_wconf 80' lang='lat' dir='ltr'>cuyus</span> 
     </span>
     <span class='ocr_line' id='line_1_32' title="bbox 4 3699 1173 3820; baseline -0.015 -47"><span class='ocrx_word' id='word_1_187' title='bbox 4 3705 6 3732; x_wconf 75' lang='lat'>¹</span> <span class='ocrx_word' id='word_1_188' title='bbox 123 3723 249 3778; x_wconf 82' lang='lat' dir='ltr'>vertex</span> <span class='ocrx_word' id='word_1_189' title='bbox 269 3705 312 3778; x_wconf 87' lang='lat' dir='ltr'>lit</span> <span class='ocrx_word' id='word_1_190' title='bbox 335 3701 377 3776; x_wconf 91' lang='lat' dir='ltr'>in</span> <span class='ocrx_word' id='word_1_191' title='bbox 397 3701 485 3776; x_wconf 89' lang='lat' dir='ltr'>dato</span> <span class='ocrx_word' id='word_1_192' title='bbox 502 3707 630 3808; x_wconf 86' lang='lat' dir='ltr'>quovis</span> <span class='ocrx_word' id='word_1_193' title='bbox 651 3703 783 3820; x_wconf 80' lang='lat' dir='ltr'>punslo</span> <span class='ocrx_word' id='word_1_194' title='bbox 803 3722 865 3777; x_wconf 90' lang='lat' dir='ltr'>aut</span> <span class='ocrx_word' id='word_1_195' title='bbox 888 3699 1010 3784; x_wconf 87' lang='lat' dir='ltr'>intra,</span> <span class='ocrx_word' id='word_1_196' title='bbox 1029 3707 1090 3760; x_wconf 91' lang='lat' dir='ltr'>aut</span> <span class='ocrx_word' id='word_1_197' title='bbox 1111 3709 1173 3794; x_wconf 70' lang='lat' dir='ltr'>erp·</span> 
     </span>
    </p>
   </div>
   <div class='ocr_carea' id='block_1_15' title="bbox 125 3781 1175 3972">
    <p class='ocr_par' dir='ltr' id='par_1_16' title="bbox 125 3781 1175 3972">
     <span class='ocr_line' id='line_1_33' title="bbox 125 3781 1175 3958; baseline -0.019 -86"><span class='ocrx_word' id='word_1_198' title='bbox 125 3817 176 3876; x_wconf 86' lang='lat' dir='ltr'>rra</span> <span class='ocrx_word' id='word_1_199' title='bbox 200 3806 462 3906; x_wconf 90' lang='lat' dir='ltr'>polygonum,</span> <span class='ocrx_word' id='word_1_200' title='bbox 496 3807 554 3880; x_wconf 84' lang='lat' dir='ltr'>vel</span> <span class='ocrx_word' id='word_1_201' title='bbox 580 3804 618 3882; x_wconf 91' lang='lat' dir='ltr'>in</span> <span class='ocrx_word' id='word_1_202' title='bbox 645 3803 866 3906; x_wconf 69' lang='lat' dir='ltr'>triangulum</span> <span class='ocrx_word' id='word_1_203' title='bbox 891 3797 985 3872; x_wconf 74' lang='lat' dir='ltr'>data</span> <span class='ocrx_word' id='word_1_204' title='bbox 1010 3781 1175 3958; x_wconf 52' lang='lat' dir='ltr'>alpitsudr·</span> 
     </span>
     <span class='ocr_line' id='line_1_34' title="bbox 1076 3910 1127 3972; baseline -0.02 1"><span class='ocrx_word' id='word_1_205' title='bbox 1076 3910 1086 3955; x_wconf 89' lang='lat'><strong>¹</strong></span> <span class='ocrx_word' id='word_1_206' title='bbox 1114 3932 1127 3972; x_wconf 76' lang='lat' dir='ltr'>o</span> 
     </span>
    </p>
   </div>
   <div class='ocr_carea' id='block_1_16' title="bbox 0 0 1556 4682">
    <p class='ocr_par' dir='ltr' id='par_1_17' title="bbox 0 0 1556 4682">
     <span class='ocr_line' id='line_1_35' title="bbox 0 0 1556 4682; baseline 0 4"><span class='ocrx_word' id='word_1_207' title='bbox 0 0 1556 4682; x_wconf 95' lang='lat' dir='ltr'> </span> 
     </span>
    </p>
   </div>
  </div>
 </body>
</html>
