3110 4662
415 269 506 321 2-
674 243 1089 318 Gromtrnrm

364 363 485 420 menta
500 339 661 432 syderum
677 337 902 429 observatio,
929 343 1044 416 omnis
1062 341 1303 422 machinarum
1322 350 1406 444 vis,

366 445 403 517 &
431 441 625 542 ponderum
652 439 853 531 rati031ac
881 439 1033 544 denique
1061 443 1235 550 quidquid
1270 449 1407 552 uspiam

366 566 542 619 terrarum
562 539 659 614 vallo
678 539 763 612 licet
784 537 922 612 ambitu
942 543 1174 637 continetur,
1194 551 1322 622 mentis
1342 575 1408 624 no·
1450 619 1453 624 ,

365 643 439 720 [tra
465 640 600 731 oculis,
635 662 804 730 munere,
839 663 879 712 ae
907 639 1079 717 beneficio
1105 647 1323 724 Geometriae
1351 649 1406 724 su·

365 741 521 835 bjeetum
546 735 796 840 conspicimus.

466 867 501 938 3.
517 841 701 914 Nobilitas
716 837 827 931 vero,
842 860 949 1012 atque
963 839 1165 955 prestantia
1181 843 1282 936 hujus
1298 847 1410 924 scien-

365 945 424 1020 tia
444 969 489 1017 ex
507 939 724 1016 certitudine
742 941 869 1016 demon
901 965 1106 1036 rationum,
1122 945 1250 1049 quibus
1266 949 1408 1044 uritur,

364 1043 467 1118 facile
494 1063 663 1144 apparet;
688 1039 724 1115 id
751 1040 845 1145 quod
871 1041 951 1117 aliis
979 1043 1136 1118 scientiis
1160 1046 1223 1120 vix
1246 1049 1406 1122 tribuere

364 1143 557 1250 pollumus.
609 1143 737 1216 Omnis
757 1164 876 1216 autem
897 1167 917 1214 a
936 1145 1142 1218 Geometris
1161 1146 1321 1223 adhibita
1341 1148 1407 1222 de·

363 1242 579 1321 monstrandi
607 1242 703 1318 ratio
725 1239 902 1318 dividitur
928 1243 966 1318 in
987 1245 1195 1339 Problema,
1220 1273 1261 1322 ac
1280 1247 1405 1346 ‘illeo-

363 1366 536 1422 rema..
773 1405 779 1414 .
837 1399 840 1410 .
939 1407 947 1416 .
1100 1390 1120 1414 ·.
1378 1383 1383 1394 ·

461 1463 500 1540 4.
510 1443 695 1522 Problema
710 1467 842 1521 vocant
858 1471 937 1521 eam
952 1439 1310 1543 demonstrationem,
1325 1471 1404 1554 quae
1475 1475 1479 1478 ·

365 1547 486 1641 jubet,
514 1574 554 1624 ac
579 1547 682 1622 docet
709 1546 845 1650 aliquid
871 1546 1092 1622 construere:
1127 1572 1237 1650 puta,
1272 1549 1403 1653 liquis

365 1669 515 1724 conetur
539 1646 775 1723 demonstrare
802 1673 872 1750 qua
898 1647 1037 1724 ratione
1064 1649 1148 1723 data
1177 1649 1275 1726 tella
1308 1653 1404 1726 linea

364 1749 467 1825 finita
494 1747 659 1822 bifariam
685 1747 843 1822 secetur.

464 1871 499 1944 ς.
525 1849 729 1926 Theorema
754 1867 873 1922 autem
890 1850 1073 1951 appellant
1093 1878 1170 1926 eam
1190 1847 1403 1927 demonstra·

156 1949 344 2017 Th⁸0r⁶¹¹²²·
366 1949 525 2042 tionem,
552 1975 628 2054 qua
654 1945 764 2024 solum
790 1948 1017 2026 affeiiionem
1038 1953 1218 2055 aliquam,
1246 1953 1405 2054 proprie-

366 2073 551 2154 tatemque
586 2049 718 2142 unius,
754 2051 814 2124 uel
849 2052 1004 2152 plurium
1030 2053 1131 2126 simul
1158 2054 1404 2156 quantitatum

389 2152 628 2244 erscrutatur3·
653 2149 736 2242 uti,
771 2149 795 2222 li
821 2151 900 2251 quis
926 2151 1141 2224 demonllret
1167 2153 1317 2226 duarum
1348 2178 1404 2225 re·

359 2181 502 2328 {larunt
537 2253 568 2327 se
603 2247 956 2324 mutuo.secautium
984 2251 1133 2348 angulos
1156 2251 1199 2323 ad
1229 2251 1404 2328 verticem

362 2351 538 2452 oppositos
563 2351 712 2451 aquales
737 2346 827 2438 esse,
853 2347 1040 2422 vocabitur
1060 2347 1132 2422 haec
1152 2347 1404 2428 demonstratio

365 2451 580 2542 theorema,
615 2447 796 2551 quianon
825 2443 948 2538 jubet,
983 2469 1044 2524 aut
1073 2447 1178 2524 docet
1204 2453 1403 2551 angulum,

366 2551 435 2627 slve
463 2549 645 2655 quidpiam
671 2545 770 2622 aliud¹
794 2543 1023 2641 construere,
1045 2549 1114 2624 sed
1140 2551 1404 2652 contemplatur

367 2650 617 2728 tantummodo
655 2647 744 2723 hanc
782 2647 994 2746 angulorum
1029 2651 1073 2724 ad
1111 2653 1286 2728 verticem
1321 2650 1405 2725 affe·

366 2751 543 2830 ellonem.

120 2931 125 2943 ,
455 2854 498 2928 .6.
525 2855 567 2930 Iu
589 2850 691 2936 omni
717 2849 839 2954 itaque
883 2843 1404 2952 roblematessduopotilstmtlm

209 2961 344 3028 Conllru-
363 2950 442 3032 lunt
467 2952 740 3044 consideranda,
765 2877 992 3028 Continuus
1015 2952 1136 3044 illius,
1161 2953 1256 3056 quod
1279 2980 1405 3054 propo·

73 3070 75 3078 '
131 3045 212 3120 ὥθ’
232 3043 343 3132 &.D‘·
362 3055 485 3148 nitur,
506 3057 541 3128 &
561 3051 850 3143 Demonstratio,
870 3079 940 3156 qua
958 3051 1158 3128 ostenditur
1176 3052 1404 3129 construent>

129 3125 321 3188 mmmm·
363 3183 445 3233 nem
471 3153 568 3230 rell&
595 3155 660 3228 elle
688 3149 906 3228 institutam.
939 3154 1133 3245 ‚Quamvis
1157 3175 1278 3228 autem
1305 3155 1405 3232 theo-

363 3278 502 3334 remata
527 3251 823 3331 constitutionem
850 3279 922 3328 non
948 3251 1117 3347 jubeant,
1142 3279 1206 3329 nec
1234 3253 1295 3328 fibi
1322 3279 1405 3354 pro·

364 3379 523 3459 ponant,
550 3377 694 3448 tamen,
721 3376 759 3430 ut
786 3351 1044 3430 demonstretur
1064 3382 1129 3447 ea,
1154 3379 1232 3459 quat
1251 3353 1404 3428 affirma·

366 3481 448 3550 tur,
475 3457 690 3562 quantitatis
706 3453 929 3556 proprietas,
948 3455 1184 3556 sepenumero
1202 3453 1405 3530 conllruen·

365 3558 451 3634 dum
479 3557 549 3650 est,
575 3579 682 3660 atque
707 3555 931 3654 efficiendum
958 3557 1054 3658 prius
1076 3557 1127 3631 ali
1156 3555 1240 3648 uid,
1277 3577 1316 3630 ut
1343 3555 1401 3628 via
1504 3575 1507 3579 ·

363 3657 658 3738 demonstrationi
683 3658 887 3761 aperiatur,
913 3656 1014 3734 licuti
1034 3583 1255 3831 maniiessqm
1274 3655 1344 3729 erit
1363 3653 1414 3728 in¹

1222 3779 1349 3859 equen-
