3122 4670
302 361 1113 574 tectorii¹

125 789 377 1088 DUo
405 785 521 892 sunt,
550 815 638 901 qua
667 788 814 875 Tironi
849 785 1088 902 impeditam
1127 785 1185 874 sa.

135 965 139 972 -
327 905 477 1010 ciunt,
506 933 552 990 ac
586 907 721 992 minus
746 905 1052 993 accommodam
1083 909 1186 990 Geo-

334 1025 526 1110 mettiam
570 1024 829 1110 Solidorum:
880 1025 1055 1110 alterum
1103 1022 1186 1128 est,

130 1143 365 1234 Solidorum
388 1143 429 1228 iri
451 1142 573 1257 plana
595 1141 799 1256 superficie
826 1141 1068 1258 descriptio,
1097 1169 1186 1254 qua

134 1293 199 1351 res
229 1261 479 1377 phantasiam
512 1262 631 1374 plane
654 1259 867 1348 subadham
903 1261 1112 1376 postulat,
1145 1262 1197 1346 &-

138 1382 426 1468 exercitatam:
467 1379 670 1485 alterum,
699 1381 910 1494 prolixitas
944 1377 1215 1486 demonstra·x

139 1500 321 1602 tionum,
335 1495 553 1613 prasertim
569 1498 611 1581 in
630 1498 824 1582 methodo
838 1498 1031 1610 antiqua.
1047 1497 1188 1600 Nam,

142 1617 248 1732 quod
271 1615 321 1702 ad
342 1617 522 1732 primurn
544 1616 716 1722 attinet,
735 1617 881 1730 quanti
901 1615 1048 1701 laboris
1073 1613 1127 1698 est
1145 1613 1188 1698 in

143 1759 256 1821 tanto
281 1735 482 1820 lineatum
502 1733 723 1849 procursu,
744 1737 787 1819 in
808 1733 876 1822 suo
894 1761 1100 1846 quamque
1119 1761 1189 1846 po·

142 1853 216 1938 satu
236 1854 315 1938 rite
336 1849 635 1968 representare?
664 1875 788 1966 atque
808 1853 880 1940 has
899 1882 921 1938 e
943 1853 1065 1967 plano
1081 1849 1190 1966 ipso,

141 1999 187 2057 ac
208 1997 257 2083 ty
288 2001 312 2054 o
334 1972 463 2057 veluti
484 1971 726 2086 prodeuntes
746 1971 817 2056 sibi
837 1970 1012 2086 fingere,
1042 1970 1200 2084 illasio,

142 2118 231 2178 rece
263 2119 288 2174 u
310 2093 348 2176 8(
378 2089 665 2206 elonginquo,
695 2089 793 2176 alias
818 2089 868 2174 ad
896 2117 1081 2174 normam
1103 2085 1192 2172 insi·

143 2207 312 2312 ssentes,
335 2207 543 2324 plerasque
565 2209 730 2321 obliqua
751 2208 946 2322 positione
964 2240 975 2318 ;
996 2231 1086 2292 tum
1108 2206 1192 2318 pla·

144 2355 292 2414 norum
308 2327 459 2440 pariter
473 2325 772 2412 occurrentium
790 2323 1108 2424 intersettiories,
1123 2347 1192 2434 pa·¹

144 2442 408 2531 rasselismum
420 2502 434 2549 ,
448 2471 494 2530 ac
514 2443 730 2533 solidorum
746 2443 987 2560 angulorum
1002 2437 1192 2551 cujusque

145 2563 259 2649 modi
279 2563 469 2648 flexiones
486 2564 616 2649 varias
629 2563 671 2648 iri
688 2563 827 2650 eadem
841 2562 963 2678 plana
988 2556 1194 2673 superficie

138 2677 1195 2798 ¹imaginaridopetosiusestTironiinterdumcorpo·

146 2800 201 2886 ris
217 2801 566 2916 magnitudinem,
586 2799 754 2916 figuram
767 2802 830 2904 ,ar
847 2798 967 2882 situm
983 2795 1196 2909 concipere
1302 2891 1305 2899 Α

149 2917 290 3004 animo
300 2977 313 3022 ,
324 2947 448 3032 quain
460 2918 721 3006 theorematis
732 2915 850 3032 ipsius
866 2941 1054 3002 naturam
1070 2915 1196 3018 ,vim-

137 3063 235 3148 que
261 3035 609 3122 demonstrationis
621 3063 639 3143 ,⁴
654 3035 918 3149 ordinemque
930 3029 1165 3145 compltsii.

273 3157 336 3239 Ut
360 3153 435 3239 hac
460 3153 639 3240 molestia
662 3153 835 3239 Tirones
859 3153 1064 3252 levarem,
1093 3143 1198 3232 mul·¹

151 3292 244 3356 tum
267 3299 398 3384 opere
416 3271 457 3355 in
478 3271 613 3388 figuris
632 3298 757 3384 quain
781 3271 976 3386 aptissime
997 3266 1196 3352 delineari·

150 3389 214 3474 dis
235 3387 488 3503 consumpsi,
510 3419 678 3504 quaque
697 3387 863 3476 describi
887 3406 1114 3500 oporteret,
1132 3379 1196 3462 de·

137 3506 344 3623 digendis.
385 3511 449 3592 Ac
469 3507 627 3622 primo,
656 3537 743 3622 quae
766 3508 808 3592 in
829 3529 1043 3620 corporum
1063 3494 1197 3615 sessio·

137 3625 271 3712 *nibus
308 3623 598 3712 subnascuntur
631 3627 898 3742 proprietates
934 3619 1075 3718 variae,
1114 3639 1229 3696 non»
1315 3673 1317 3676 -

149 3747 273 3833 unico
292 3741 488 3833 iconismo
507 3745 742 3861 complexus
761 3741 847 3830 suni
867 3763 1026 3826 omnes.
1057 3729 1198 3930 Sippa-

198 3897 201 3902 .
1110 3873 1141 3932 rs
