3110 4662
387 252 412 326 6
546 341 549 346 ¹
640 256 1065 348 Gaomurnrn

256 397 259 403 ·
335 353 410 427 lunt
446 351 571 454 poffis;
604 351 668 426 nisu
694 353 786 429 forte
814 353 926 448 velis,
962 356 1081 460 inquit
1110 359 1282 452 Cluvius,
1309 377 1408 438 exa¹

336 451 735 546 tremitatem'alicujus
763 478 844 529 acus
871 457 1075 532 acutiffinrae
1103 458 1370 538 finilitudiuem

333 551 457 654 pundii
485 553 720 656 exprimere,
752 555 847 658 quod
877 557 1021 660 quidem
1049 583 1176 636 vetum
1201 588 1273 638 non
1298 562 1369 655 ed,

331 655 502 826 fluoniam
527 681 569 728 ea
595 655 806 730 extremitas
822 655 947 734 dividi
974 658 1109 762 potest,
1135 660 1172 734 dc
1192 661 1297 738 secari
1319 663 1371 737 in·

359 753 458 848 niti,
483 753 652 859 punitum
672 755 760 830 verb
780 755 1007 836 individuum
1026 757 1132 833 debet
1153 760 1369 836 existimari.

434 879 493 956 19.
520 857 606 929 Haec
642 854 690 930 est
716 855 905 952 Euclidis,
940 859 1281 944 &Geometrarutn
1308 889 1371 938 ve·

153 953 311 1051 naeuus
331 977 448 1032 terum
474 955 597 1031 notio.
630 960 726 1032 Cum
751 980 872 1034 nutem
897 957 941 1036 ad
967 959 1200 1060 geometricas
1226 959 1371 1036 demon-

94 1053 160 1099 ΜΠ
178 1059 279 1105 ”⁰³²0·
330 1057 515 1132 {irationet
540 1059 600 1135 vel
620 1057 768 1136 minimd
788 1056 976 1136 necetsaria'
996 1059 1038 1134 fit
1055 1058 1273 1162 idea'puniii
1294 1063 1369 1164 pla-

328 1159 374 1232 ni
399 1157 602 1250 individui,
629 1159 688 1234 vel
715 1159 896 1236 interdum
922 1161 993 1234 alia
1018 1160 1099 1236 aliis
1121 1160 1256 1252 majora
1282 1187 1371 1261 pun<

329 1256 387 1336 &a
416 1257 609 1334 admittere
637 1280 827 1362 oporteat,
853 1280 915 1334 aut
944 1259 1066 1337 saltem
1094 1263 1194 1364 plura
1215 1261 1369 1335 diverso-

327 1383 406 1434 rum
431 1358 600 1434 ordinum
617 1359 747 1452 fateri,
773 1361 827 1435 uti
847 1359 970 1434 deince
997 1386 1012 1435 s
1032 1361 1369 1454 demonstrabimus,

328 1485 368 1532 ac
391 1459 584 1561 prasertim
604 1460 641 1534 in
662 1459 801 1534 calculo
828 1387 1104 1535 infiniteiimali:
1131 1461 1212 1536 hinc
1238 1460 1370 1536 fadium

326 1557 398 1651 eii,
424 1581 465 1636 ut
490 1559 708 1635 recentiores
734 1565 938 1635 Geometrae
963 1560 1012 1636 du
1037 1562 1142 1636 licem
1162 1561 1371 1636 invexerint

327 1659 451 1760 puodii
475 1660 722 1744 mathematici
748 1661 965 1754 notionem,
1028 1683 1143 1737 teratu
1167 1661 1292 1765 putridi
1317 1687 1371 1736 re·

327 1759 459 1854 dativi,
485 1761 637 1837 alteram
656 1761 829 1844 absoluti,

162 1893 304 1964 Punctum
425 1865 591 1938 Paridium
612 1861 819 1948 Rtiativtrnt
842 1863 968 1938 dicitur
994 1889 1036 1940 ea
1056 1868 1166 1963 partio
1191 1865 1372 1956 materia,

90 1973 285 2054 Relativum,
326 1989 425 2064 quae,
450 1967 611 2062 quamvis
635 1983 780 2055 certam,
806 1961 855 2040 Θ·
879 1964 1136 2040 determinatam
1161 1963 1284 2038 babeat
1302 1989 1373 2036 mas

319 2063 559 2162 gnitudinem,
585 2087 721 2159 tamen,
741 2061 776 2172 fi
800 2089 874 2140 cum
900 2065 973 2139 aiia
991 2065 1226 2163 magnitudine
1243 2085 1372 2162 campa-

326 2187 440 2258 retur,
464 2165 605 2264 perinde
630 2167 738 2260 accipi
760 2165 893 2263 potest,
920 2190 958 2238 ac
979 2162 1014 2265 fi
1041 2169 1129 2238 amni
1153 2163 1288 2265 prorsm
1316 2191 1372 2236 en·

327 2263 470 2366 tenfiene
488 2285 635 2338 careret.
686 2263 744 2342 Sic
772 2259 977 2345 Astronomi
1005 2285 1138 2340 terram
1160 2265 1267 2338 instar
1285 2290 1373 2366 pun·

327 2364 377 2439 eri
402 2363 648 2454 considerant,
674 2359 833 2463 respectu
853 2360 1029 2444 immensae
1049 2365 1243 2457 coeloruni,
1272 2387 1312 2436 ac
1332 2365 1371 2435 fi·

327 2487 455 2540 statum
475 2462 671 2555 distanti23
690 2461 825 2566 pariter
851 2486 895 2536 ue
912 2462 949 2536 in
970 2463 1221 2557 Gnotnonica,
1242 2461 1371 2535 diflan·

328 2565 409 2659 tia,
469 2589 550 2638 uam
586 2563 693 2640 habet
729 2489 927 2664 supethcies
954 2585 1059 2642 terrae
1085 2589 1105 2638 a
1131 2565 1191 2639 suo
1220 2585 1368 2654 centro,

327 2685 392 2766 pro
418 2665 455 2738 ni
483 2665 534 2740 ilo
559 2685 769 2780 reputatur,
796 2661 821 2738 st
846 2687 927 2736 cum
953 2690 1018 2756 ea,
1043 2689 1150 2768 quam
1176 2663 1226 2737 sol
1247 2689 1267 2735 a
1287 2687 1386 2735 cen-⁴

328 2786 390 2852 tro
413 2785 516 2842 terra
541 2766 707 2857 obturet,
732 2761 899 2838 distantia
924 2785 1170 2872 comparetur.

163 2913 307 2984 ,11an
387 2881 388 2886 ’
428 2870 593 2940 Paridium
621 2864 822 2966 Absolutum
851 2887 971 2940 vocant
995 2869 1224 2964 quantitatem
1243 2866 1372 2963 quaoir

94 2991 288 3064 Absolutum,
328 2966 414 3041 data
432 2971 607 3059 minorem,
624 2965 708 3066 lert,
729 2987 768 3040 ut
792 2963 872 3039 aliis
892 2965 1033 3068 placet,
1052 2963 1189 3062 infiniti
1200 2969 1390 3063 parvam,

331 3067 410 3159 cnei,
437 3088 476 3144 ut
502 3069 711 3159 Newtono,
737 3066 1005 3166 evanescentem.
1056 3063 1289 3160 Quantitates
1309 3091 1371 3137 au·

332 3189 406 3244 tent
435 3166 576 3242 infiniti
605 3191 754 3268 parvas,
779 3187 841 3242 aut
869 3167 1140 3260 evanescentes,
1168 3163 1370 3269 &quidem

330 3267 551 3344 diversorum
585 3265 752 3342 ordinum
787 3293 852 3366 pro
886 3266 1003 3342 nihilo
1037 3265 1215 3342 habendas
1241 3265 1305 3340 effe
1333 3264 1369 3336 in

329 3369 454 3446 multis
488 3365 846 3450 demonstrationibus
881 3389 1052 3472 tanquam
1079 3368 1222 3442 axioma
1252 3363 1372 3467 posuc-

330 3490 416 3546 tunt
440 3469 629 3561 Euclides,
665 3469 702 3543 dc
729 3467 988 3562 Archimedes,
1023 3488 1064 3544 ut
1116 3466 1268 3567 regressu
1298 3464 1371 3579 ipso

332 3568 530 3664 constabit,
554 3591 664 3672 atque
691 3568 774 3644 hinc
802 3571 1057 3644 Bonarentura
1084 3493 1296 3642 davalerius
1316 3591 1371 3638 rn-

332 3667 566 3758 divifibiliuut
590 3669 802 3746 methodum
826 3670 1046 3746 Geometria
1065 3663 1370 3844 accommoldlavit.

1279 3789 1324 3840 uc
