<?xml version="1.0" encoding="UTF-8"?>
<!DOCTYPE html PUBLIC "-//W3C//DTD XHTML 1.0 Transitional//EN"
    "http://www.w3.org/TR/xhtml1/DTD/xhtml1-transitional.dtd">
<html xmlns="http://www.w3.org/1999/xhtml" xml:lang="en" lang="en">
 <head>
  <title>
</title>
<meta http-equiv="Content-Type" content="text/html;charset=utf-8" />
  <meta name='ocr-system' content='tesseract 3.04.00' />
  <meta name='ocr-capabilities' content='ocr_page ocr_carea ocr_par ocr_line ocrx_word'/>
</head>
<body>
  <div class='ocr_page' id='page_1' title='image "./elementageometr00leccgoog_0676.png"; bbox 0 0 3104 4650; ppageno 0'>
   <div class='ocr_carea' id='block_1_1' title="bbox 364 295 1417 606">
    <p class='ocr_par' dir='ltr' id='par_1_1' title="bbox 364 295 1417 606">
     <span class='ocr_line' id='line_1_1' title="bbox 414 295 1399 383; baseline 0.006 -11"><span class='ocrx_word' id='word_1_1' title='bbox 414 321 492 372; x_wconf 72' lang='lat' dir='ltr'>mo</span> <span class='ocrx_word' id='word_1_2' title='bbox 713 295 1145 383; x_wconf 60' lang='lat' dir='ltr'>Metuouvs„</span> <span class='ocrx_word' id='word_1_3' title='bbox 1397 373 1399 378; x_wconf 86' lang='lat'><em>.</em></span> 
     </span>
     <span class='ocr_line' id='line_1_2' title="bbox 364 387 1414 496; baseline -0.003 -25"><span class='ocrx_word' id='word_1_4' title='bbox 364 397 449 496; x_wconf 81' lang='lat' dir='ltr'>goni</span> <span class='ocrx_word' id='word_1_5' title='bbox 472 393 574 470; x_wconf 83' lang='lat' dir='ltr'>inseri</span> <span class='ocrx_word' id='word_1_6' title='bbox 602 392 632 469; x_wconf 90' lang='lat' dir='ltr'>ti</span> <span class='ocrx_word' id='word_1_7' title='bbox 652 392 811 488; x_wconf 81' lang='lat' dir='ltr'>circulo,</span> <span class='ocrx_word' id='word_1_8' title='bbox 830 393 964 496; x_wconf 77' lang='lat' dir='ltr'>quavic</span> <span class='ocrx_word' id='word_1_9' title='bbox 976 389 1059 466; x_wconf 84' lang='lat' dir='ltr'>data</span> <span class='ocrx_word' id='word_1_10' title='bbox 1084 387 1288 489; x_wconf 79' lang='lat' dir='ltr'>minorem,</span> <span class='ocrx_word' id='word_1_11' title='bbox 1318 419 1414 473; x_wconf 89' lang='lat' dir='ltr'>com·</span> 
     </span>
     <span class='ocr_line' id='line_1_3' title="bbox 365 419 1417 606; baseline -0.002 -34"><span class='ocrx_word' id='word_1_12' title='bbox 365 496 452 598; x_wconf 90' lang='lat' dir='ltr'>poni</span> <span class='ocrx_word' id='word_1_13' title='bbox 473 521 520 568; x_wconf 84' lang='lat' dir='ltr'>ex</span> <span class='ocrx_word' id='word_1_14' title='bbox 537 419 689 572; x_wconf 74' lang='lat' dir='ltr'>ininitis</span> <span class='ocrx_word' id='word_1_15' title='bbox 705 521 880 586; x_wconf 83' lang='lat' dir='ltr'>numero,</span> <span class='ocrx_word' id='word_1_16' title='bbox 906 513 1013 606; x_wconf 72' lang='lat' dir='ltr'>atquq</span> <span class='ocrx_word' id='word_1_17' title='bbox 1034 487 1174 568; x_wconf 70' lang='lat' dir='ltr'>infinite</span> <span class='ocrx_word' id='word_1_18' title='bbox 1195 491 1342 592; x_wconf 84' lang='lat' dir='ltr'>parvis,</span> <span class='ocrx_word' id='word_1_19' title='bbox 1358 493 1417 570; x_wconf 85' lang='lat' dir='ltr'>seu</span> 
     </span>
    </p>
   </div>
   <div class='ocr_carea' id='block_1_2' title="bbox 368 591 1529 694">
    <p class='ocr_par' dir='ltr' id='par_1_2' title="bbox 368 591 1529 694">
     <span class='ocr_line' id='line_1_4' title="bbox 368 591 1529 694; baseline -0.004 -22"><span class='ocrx_word' id='word_1_20' title='bbox 368 595 662 672; x_wconf 74' lang='lat' dir='ltr'>evanescentibus</span> <span class='ocrx_word' id='word_1_21' title='bbox 688 595 815 670; x_wconf 90' lang='lat' dir='ltr'>circuli</span> <span class='ocrx_word' id='word_1_22' title='bbox 843 595 1054 692; x_wconf 79' lang='lat' dir='ltr'>segmentis,</span> <span class='ocrx_word' id='word_1_23' title='bbox 1085 616 1241 694; x_wconf 87' lang='lat' dir='ltr'>quorum</span> <span class='ocrx_word' id='word_1_24' title='bbox 1272 591 1413 668; x_wconf 86' lang='lat' dir='ltr'>cbotdae</span> <span class='ocrx_word' id='word_1_25' title='bbox 1526 613 1529 624; x_wconf 74' lang='lat'>¹</span> 
     </span>
    </p>
   </div>
   <div class='ocr_carea' id='block_1_3' title="bbox 360 686 1529 3682">
    <p class='ocr_par' dir='ltr' id='par_1_3' title="bbox 364 686 1529 992">
     <span class='ocr_line' id='line_1_5' title="bbox 365 686 1413 796; baseline -0.006 -24"><span class='ocrx_word' id='word_1_26' title='bbox 365 695 444 772; x_wconf 86' lang='lat' dir='ltr'>sunt</span> <span class='ocrx_word' id='word_1_27' title='bbox 475 697 590 772; x_wconf 84' lang='lat' dir='ltr'>latera</span> <span class='ocrx_word' id='word_1_28' title='bbox 621 696 822 796; x_wconf 78' lang='lat' dir='ltr'><strong>polygoni:</strong></span> <span class='ocrx_word' id='word_1_29' title='bbox 856 693 929 768; x_wconf 83' lang='lat' dir='ltr'>htec</span> <span class='ocrx_word' id='word_1_30' title='bbox 959 686 1094 790; x_wconf 77' lang='lat' dir='ltr'>rursum</span> <span class='ocrx_word' id='word_1_31' title='bbox 1113 691 1307 790; x_wconf 76' lang='lat' dir='ltr'>segmenta</span> <span class='ocrx_word' id='word_1_32' title='bbox 1336 691 1413 785; x_wconf 76' lang='lat' dir='ltr'>suut</span> 
     </span>
     <span class='ocr_line' id='line_1_6' title="bbox 364 787 1410 897; baseline -0.003 -27"><span class='ocrx_word' id='word_1_33' title='bbox 364 796 521 872; x_wconf 77' lang='lat' dir='ltr'>minima</span> <span class='ocrx_word' id='word_1_34' title='bbox 542 795 614 870; x_wconf 76' lang='lat' dir='ltr'>illae</span> <span class='ocrx_word' id='word_1_35' title='bbox 632 797 877 897; x_wconf 81' lang='lat' dir='ltr'>quantitates,</span> <span class='ocrx_word' id='word_1_36' title='bbox 905 819 992 896; x_wconf 88' lang='lat' dir='ltr'>quas</span> <span class='ocrx_word' id='word_1_37' title='bbox 1010 787 1157 892; x_wconf 36' lang='lat' dir='ltr'>secundi}</span> <span class='ocrx_word' id='word_1_38' title='bbox 1169 788 1312 893; x_wconf 78' lang='lat' dir='ltr'>ordinis</span> <span class='ocrx_word' id='word_1_39' title='bbox 1333 793 1410 867; x_wconf 84' lang='lat' dir='ltr'>infi-</span> 
     </span>
     <span class='ocr_line' id='line_1_7' title="bbox 366 893 1529 992; baseline -0.007 -20"><span class='ocrx_word' id='word_1_40' title='bbox 366 896 546 976; x_wconf 77' lang='lat' dir='ltr'>nitestmat</span> <span class='ocrx_word' id='word_1_41' title='bbox 564 895 688 973; x_wconf 88' lang='lat' dir='ltr'>dicunt</span> <span class='ocrx_word' id='word_1_42' title='bbox 708 893 962 972; x_wconf 82' lang='lat' dir='ltr'>Recentiotet.</span> <span class='ocrx_word' id='word_1_43' title='bbox 1077 985 1081 991; x_wconf 26' lang='grc'><strong><em>1</em></strong></span> <span class='ocrx_word' id='word_1_44' title='bbox 1180 985 1185 992; x_wconf 31' lang='lat'><strong>¹</strong></span> <span class='ocrx_word' id='word_1_45' title='bbox 1392 965 1396 978; x_wconf 77' lang='grc'>,</span> <span class='ocrx_word' id='word_1_46' title='bbox 1528 909 1529 912; x_wconf 74' lang='grc'>’</span> 
     </span>
    </p>

    <p class='ocr_par' dir='ltr' id='par_1_4' title="bbox 363 989 1529 1496">
     <span class='ocr_line' id='line_1_8' title="bbox 466 989 1529 1094; baseline -0.002 -24"><span class='ocrx_word' id='word_1_47' title='bbox 466 997 534 1072; x_wconf 83' lang='lat' dir='ltr'>His</span> <span class='ocrx_word' id='word_1_48' title='bbox 548 995 724 1074; x_wconf 87' lang='lat' dir='ltr'>limitibus</span> <span class='ocrx_word' id='word_1_49' title='bbox 740 997 829 1074; x_wconf 88' lang='lat' dir='ltr'>hanc</span> <span class='ocrx_word' id='word_1_50' title='bbox 845 991 1054 1070; x_wconf 84' lang='lat' dir='ltr'>methodum</span> <span class='ocrx_word' id='word_1_51' title='bbox 1067 989 1413 1094; x_wconf 69' lang='lat' dir='ltr'>ciccumscripsctant</span> <span class='ocrx_word' id='word_1_52' title='bbox 1527 1033 1529 1046; x_wconf 38' lang='grc' dir='ltr'><strong><em>ι</em></strong></span> 
     </span>
     <span class='ocr_line' id='line_1_9' title="bbox 367 1091 1409 1202; baseline 0.001 -32"><span class='ocrx_word' id='word_1_53' title='bbox 367 1099 542 1191; x_wconf 78' lang='lat' dir='ltr'>Veteret;</span> <span class='ocrx_word' id='word_1_54' title='bbox 561 1097 759 1202; x_wconf 88' lang='lat' dir='ltr'>primusque</span> <span class='ocrx_word' id='word_1_55' title='bbox 774 1097 935 1175; x_wconf 86' lang='lat' dir='ltr'>omniunt</span> <span class='ocrx_word' id='word_1_56' title='bbox 950 1091 1177 1178; x_wconf 81' lang='lat' dir='ltr'>Cavasletius</span> <span class='ocrx_word' id='word_1_57' title='bbox 1189 1119 1285 1194; x_wconf 83' lang='lat' dir='ltr'>auno</span> <span class='ocrx_word' id='word_1_58' title='bbox 1300 1091 1370 1195; x_wconf 85' lang='lat'>163</span> <span class='ocrx_word' id='word_1_59' title='bbox 1376 1121 1409 1192; x_wconf 80' lang='grc' dir='ltr'>ς.</span> 
     </span>
     <span class='ocr_line' id='line_1_10' title="bbox 368 1191 1417 1300; baseline -0.006 -27"><span class='ocrx_word' id='word_1_60' title='bbox 368 1198 539 1274; x_wconf 79' lang='lat' dir='ltr'>universe</span> <span class='ocrx_word' id='word_1_61' title='bbox 558 1201 777 1286; x_wconf 75' lang='lat' dir='ltr'>Geometria</span> <span class='ocrx_word' id='word_1_62' title='bbox 797 1199 930 1300; x_wconf 77' lang='lat' dir='ltr'>planae,</span> <span class='ocrx_word' id='word_1_63' title='bbox 955 1221 997 1272; x_wconf 86' lang='lat' dir='ltr'>tc</span> <span class='ocrx_word' id='word_1_64' title='bbox 1017 1191 1135 1280; x_wconf 72' lang='lat' dir='ltr'>solida</span> <span class='ocrx_word' id='word_1_65' title='bbox 1155 1191 1319 1271; x_wconf 77' lang='lat' dir='ltr'>eamdem</span> <span class='ocrx_word' id='word_1_66' title='bbox 1338 1223 1417 1270; x_wconf 55' lang='lat' dir='ltr'>met</span> 
     </span>
     <span class='ocr_line' id='line_1_11' title="bbox 363 1293 1411 1402; baseline 0 -30"><span class='ocrx_word' id='word_1_67' title='bbox 363 1298 513 1372; x_wconf 89' lang='lat' dir='ltr'>thodum</span> <span class='ocrx_word' id='word_1_68' title='bbox 537 1297 756 1400; x_wconf 77' lang='lat' dir='ltr'>applicavit3</span> <span class='ocrx_word' id='word_1_69' title='bbox 779 1323 886 1402; x_wconf 89' lang='lat' dir='ltr'>quam</span> <span class='ocrx_word' id='word_1_70' title='bbox 903 1296 1038 1375; x_wconf 69' lang='lat' dir='ltr'>idcirco</span> <span class='ocrx_word' id='word_1_71' title='bbox 1053 1293 1304 1392; x_wconf 76' lang='lat' dir='ltr'>Geomettiam</span> <span class='ocrx_word' id='word_1_72' title='bbox 1318 1295 1411 1372; x_wconf 87' lang='lat' dir='ltr'>iudi·</span> 
     </span>
     <span class='ocr_line' id='line_1_12' title="bbox 364 1395 1409 1496; baseline -0.003 -24"><span class='ocrx_word' id='word_1_73' title='bbox 364 1397 583 1490; x_wconf 75' lang='lat' dir='ltr'>visibilium,</span> <span class='ocrx_word' id='word_1_74' title='bbox 610 1398 677 1476; x_wconf 91' lang='lat' dir='ltr'>hoc</span> <span class='ocrx_word' id='word_1_75' title='bbox 703 1397 774 1490; x_wconf 77' lang='lat' dir='ltr'>esi,</span> <span class='ocrx_word' id='word_1_76' title='bbox 800 1396 939 1481; x_wconf 73' lang='lat' dir='ltr'>infiniti</span> <span class='ocrx_word' id='word_1_77' title='bbox 970 1419 1165 1496; x_wconf 82' lang='lat' dir='ltr'>parvorum</span> <span class='ocrx_word' id='word_1_78' title='bbox 1183 1395 1409 1483; x_wconf 70' lang='lat' dir='ltr'>nominavit.</span> 
     </span>
    </p>

    <p class='ocr_par' dir='ltr' id='par_1_5' title="bbox 365 1495 1418 1772">
     <span class='ocr_line' id='line_1_13' title="bbox 462 1495 1387 1581; baseline -0.001 -11"><span class='ocrx_word' id='word_1_79' title='bbox 462 1500 512 1572; x_wconf 85' lang='grc' dir='ltr'>ΙΙ.</span> <span class='ocrx_word' id='word_1_80' title='bbox 537 1497 633 1574; x_wconf 85' lang='lat' dir='ltr'>Hinc</span> <span class='ocrx_word' id='word_1_81' title='bbox 653 1497 843 1576; x_wconf 76' lang='lat' dir='ltr'>methodus</span> <span class='ocrx_word' id='word_1_82' title='bbox 860 1495 1134 1581; x_wconf 86' lang='lat' dir='ltr'>indivisibilium</span> <span class='ocrx_word' id='word_1_83' title='bbox 1150 1522 1225 1573; x_wconf 85' lang='lat' dir='ltr'>noo</span> <span class='ocrx_word' id='word_1_84' title='bbox 1245 1498 1319 1572; x_wconf 86' lang='lat' dir='ltr'>alia</span> <span class='ocrx_word' id='word_1_85' title='bbox 1340 1497 1387 1570; x_wconf 85' lang='lat' dir='ltr'>ell</span> 
     </span>
     <span class='ocr_line' id='line_1_14' title="bbox 365 1549 1418 1772; baseline -0.008 -100"><span class='ocrx_word' id='word_1_86' title='bbox 365 1597 472 1772; x_wconf 75' lang='lat' dir='ltr'>qpim</span> <span class='ocrx_word' id='word_1_87' title='bbox 491 1598 761 1676; x_wconf 76' lang='lat' dir='ltr'>exhaustionum</span> <span class='ocrx_word' id='word_1_88' title='bbox 781 1597 969 1675; x_wconf 86' lang='lat' dir='ltr'>methodus</span> <span class='ocrx_word' id='word_1_89' title='bbox 983 1593 1268 1696; x_wconf 74' lang='lat' dir='ltr'>compendiosior</span> <span class='ocrx_word' id='word_1_90' title='bbox 1273 1598 1349 1702; x_wconf 49' lang='lat'>³0&amp;</span> <span class='ocrx_word' id='word_1_91' title='bbox 1366 1549 1418 1686; x_wconf 84' lang='lat' dir='ltr'>ad.</span> 
     </span>
    </p>

    <p class='ocr_par' dir='ltr' id='par_1_6' title="bbox 404 1695 1187 1779">
     <span class='ocr_line' id='line_1_15' title="bbox 404 1695 1187 1779; baseline -0.005 -5"><span class='ocrx_word' id='word_1_92' title='bbox 404 1699 561 1776; x_wconf 82' lang='lat' dir='ltr'>lidorum</span> <span class='ocrx_word' id='word_1_93' title='bbox 580 1699 823 1776; x_wconf 85' lang='lat' dir='ltr'>Theotemata</span> <span class='ocrx_word' id='word_1_94' title='bbox 843 1697 984 1779; x_wconf 74' lang='lat' dir='ltr'>uberius</span> <span class='ocrx_word' id='word_1_95' title='bbox 1000 1695 1187 1774; x_wconf 75' lang='lat' dir='ltr'>tradudla.</span> 
     </span>
    </p>

    <p class='ocr_par' dir='ltr' id='par_1_7' title="bbox 361 1797 1422 2604">
     <span class='ocr_line' id='line_1_16' title="bbox 447 1797 1411 1876; baseline -0.003 -6"><span class='ocrx_word' id='word_1_96' title='bbox 447 1856 449 1862; x_wconf 89' lang='lat'><em>.</em></span> <span class='ocrx_word' id='word_1_97' title='bbox 464 1801 533 1872; x_wconf 85' lang='lat'>111.</span> <span class='ocrx_word' id='word_1_98' title='bbox 553 1803 588 1872; x_wconf 82' lang='lat' dir='ltr'>A</span> <span class='ocrx_word' id='word_1_99' title='bbox 606 1801 777 1876; x_wconf 84' lang='lat' dir='ltr'>methodo</span> <span class='ocrx_word' id='word_1_100' title='bbox 793 1797 999 1876; x_wconf 86' lang='lat' dir='ltr'>Cavallerii</span> <span class='ocrx_word' id='word_1_101' title='bbox 1012 1801 1219 1875; x_wconf 83' lang='lat' dir='ltr'>Newtonus</span> <span class='ocrx_word' id='word_1_102' title='bbox 1237 1824 1342 1874; x_wconf 81' lang='lat' dir='ltr'>voces</span> <span class='ocrx_word' id='word_1_103' title='bbox 1355 1803 1411 1874; x_wconf 69' lang='lat' dir='ltr'>iu-</span> 
     </span>
     <span class='ocr_line' id='line_1_17' title="bbox 362 1896 1411 2000; baseline -0.002 -24"><span class='ocrx_word' id='word_1_104' title='bbox 362 1896 590 1998; x_wconf 79' lang='lat' dir='ltr'>divifibilium</span> <span class='ocrx_word' id='word_1_105' title='bbox 608 1898 768 1993; x_wconf 87' lang='lat' dir='ltr'>sullulit,</span> <span class='ocrx_word' id='word_1_106' title='bbox 794 1925 870 1974; x_wconf 86' lang='lat' dir='ltr'>rem</span> <span class='ocrx_word' id='word_1_107' title='bbox 891 1897 1067 1990; x_wconf 62' lang='lat' dir='ltr'>retinuit3,</span> <span class='ocrx_word' id='word_1_108' title='bbox 1091 1898 1128 1972; x_wconf 68' lang='grc' dir='ltr'>ἃ</span> <span class='ocrx_word' id='word_1_109' title='bbox 1155 1925 1345 2000; x_wconf 79' lang='lat' dir='ltr'>corporum</span> <span class='ocrx_word' id='word_1_110' title='bbox 1375 1927 1411 1974; x_wconf 88' lang='lat' dir='ltr'>e·</span> 
     </span>
     <span class='ocr_line' id='line_1_18' title="bbox 362 1997 1408 2100; baseline 0.002 -28"><span class='ocrx_word' id='word_1_111' title='bbox 362 1999 526 2076; x_wconf 84' lang='lat' dir='ltr'>lementa</span> <span class='ocrx_word' id='word_1_112' title='bbox 542 2023 603 2100; x_wconf 88' lang='lat' dir='ltr'>per</span> <span class='ocrx_word' id='word_1_113' title='bbox 618 2001 863 2079; x_wconf 77' lang='lat' dir='ltr'>evanescentia</span> <span class='ocrx_word' id='word_1_114' title='bbox 883 1999 1076 2076; x_wconf 76' lang='lat' dir='ltr'>divifibiua</span> <span class='ocrx_word' id='word_1_115' title='bbox 1098 1997 1317 2078; x_wconf 83' lang='lat' dir='ltr'>luculentitls</span> <span class='ocrx_word' id='word_1_116' title='bbox 1347 2025 1408 2094; x_wconf 81' lang='lat' dir='ltr'>ex·</span> 
     </span>
     <span class='ocr_line' id='line_1_19' title="bbox 362 2097 1409 2200; baseline -0.002 -24"><span class='ocrx_word' id='word_1_117' title='bbox 362 2099 496 2200; x_wconf 56' lang='lat' dir='ltr'>plicam</span> <span class='ocrx_word' id='word_1_118' title='bbox 520 2099 559 2174; x_wconf 16' lang='lat' dir='ltr'>t&amp;</span> <span class='ocrx_word' id='word_1_119' title='bbox 579 2100 726 2177; x_wconf 78' lang='lat' dir='ltr'>linense</span> <span class='ocrx_word' id='word_1_120' title='bbox 747 2101 914 2190; x_wconf 88' lang='lat' dir='ltr'>lineolis,</span> <span class='ocrx_word' id='word_1_121' title='bbox 944 2125 1018 2180; x_wconf 89' lang='lat' dir='ltr'>non</span> <span class='ocrx_word' id='word_1_122' title='bbox 1046 2125 1065 2172; x_wconf 90' lang='lat' dir='ltr'>e</span> <span class='ocrx_word' id='word_1_123' title='bbox 1097 2097 1263 2199; x_wconf 63' lang='lat' dir='ltr'>ponetis,</span> <span class='ocrx_word' id='word_1_124' title='bbox 1296 2101 1409 2199; x_wconf 85' lang='lat' dir='ltr'>super·</span> 
     </span>
     <span class='ocr_line' id='line_1_20' title="bbox 361 2197 1412 2301; baseline -0.001 -26"><span class='ocrx_word' id='word_1_125' title='bbox 361 2200 459 2276; x_wconf 79' lang='lat' dir='ltr'>licite</span> <span class='ocrx_word' id='word_1_126' title='bbox 478 2225 525 2278; x_wconf 85' lang='lat' dir='ltr'>ex</span> <span class='ocrx_word' id='word_1_127' title='bbox 543 2202 696 2295; x_wconf 82' lang='lat' dir='ltr'>areolis,</span> <span class='ocrx_word' id='word_1_128' title='bbox 715 2229 786 2278; x_wconf 86' lang='lat' dir='ltr'>oon</span> <span class='ocrx_word' id='word_1_129' title='bbox 807 2227 825 2275; x_wconf 92' lang='lat' dir='ltr'>e</span> <span class='ocrx_word' id='word_1_130' title='bbox 846 2199 973 2291; x_wconf 86' lang='lat' dir='ltr'>lineis,</span> <span class='ocrx_word' id='word_1_131' title='bbox 999 2197 1152 2279; x_wconf 83' lang='lat' dir='ltr'>solidum</span> <span class='ocrx_word' id='word_1_132' title='bbox 1169 2225 1217 2276; x_wconf 90' lang='lat' dir='ltr'>ex</span> <span class='ocrx_word' id='word_1_133' title='bbox 1249 2199 1412 2301; x_wconf 68' lang='lat' dir='ltr'>spatiolis</span> 
     </span>
     <span class='ocr_line' id='line_1_21' title="bbox 362 2299 1408 2404; baseline -0.002 -28"><span class='ocrx_word' id='word_1_134' title='bbox 362 2300 506 2394; x_wconf 84' lang='lat' dir='ltr'>solidis,</span> <span class='ocrx_word' id='word_1_135' title='bbox 542 2328 613 2379; x_wconf 86' lang='lat' dir='ltr'>nott</span> <span class='ocrx_word' id='word_1_136' title='bbox 641 2329 660 2376; x_wconf 90' lang='lat' dir='ltr'>e</span> <span class='ocrx_word' id='word_1_137' title='bbox 690 2301 933 2404; x_wconf 80' lang='lat' dir='ltr'>superficiebus</span> <span class='ocrx_word' id='word_1_138' title='bbox 960 2299 1192 2401; x_wconf 76' lang='lat' dir='ltr'>compositum</span> <span class='ocrx_word' id='word_1_139' title='bbox 1221 2301 1408 2400; x_wconf 76' lang='lat' dir='ltr'>supponit.</span> 
     </span>
     <span class='ocr_line' id='line_1_22' title="bbox 362 2399 1407 2504; baseline -0.002 -26"><span class='ocrx_word' id='word_1_140' title='bbox 362 2402 471 2494; x_wconf 79' lang='lat' dir='ltr'>Quod</span> <span class='ocrx_word' id='word_1_141' title='bbox 494 2401 590 2480; x_wconf 87' lang='lat' dir='ltr'>idem</span> <span class='ocrx_word' id='word_1_142' title='bbox 620 2401 871 2495; x_wconf 82' lang='lat' dir='ltr'>Cavalletius,</span> <span class='ocrx_word' id='word_1_143' title='bbox 901 2399 1050 2480; x_wconf 75' lang='lat' dir='ltr'>brevitlt</span> <span class='ocrx_word' id='word_1_144' title='bbox 1070 2401 1216 2504; x_wconf 86' lang='lat' dir='ltr'>quidem</span> <span class='ocrx_word' id='word_1_145' title='bbox 1265 2401 1318 2472; x_wconf 85' lang='lat' dir='ltr'>sed</span> <span class='ocrx_word' id='word_1_146' title='bbox 1338 2400 1407 2488; x_wconf 71' lang='lat' dir='ltr'>ob-,</span> 
     </span>
     <span class='ocr_line' id='line_1_23' title="bbox 363 2455 1422 2604; baseline -0.002 -28"><span class='ocrx_word' id='word_1_147' title='bbox 363 2501 493 2576; x_wconf 82' lang='lat' dir='ltr'>scuritls</span> <span class='ocrx_word' id='word_1_148' title='bbox 522 2503 747 2604; x_wconf 82' lang='lat' dir='ltr'>proposuerat</span> <span class='ocrx_word' id='word_1_149' title='bbox 777 2527 839 2602; x_wconf 89' lang='lat' dir='ltr'>per</span> <span class='ocrx_word' id='word_1_150' title='bbox 864 2501 1072 2576; x_wconf 87' lang='lat' dir='ltr'>methodum</span> <span class='ocrx_word' id='word_1_151' title='bbox 1102 2455 1376 2578; x_wconf 78' lang='lat' dir='ltr'>indivisibilium</span> <span class='ocrx_word' id='word_1_152' title='bbox 1394 2517 1422 2574; x_wconf 86' lang='grc'>.·</span> 
     </span>
    </p>

    <p class='ocr_par' dir='ltr' id='par_1_8' title="bbox 463 2601 1407 2705">
     <span class='ocr_line' id='line_1_24' title="bbox 463 2601 1407 2705; baseline 0.003 -31"><span class='ocrx_word' id='word_1_153' title='bbox 463 2603 528 2674; x_wconf 86' lang='lat' dir='ltr'>lv.</span> <span class='ocrx_word' id='word_1_154' title='bbox 549 2602 746 2705; x_wconf 86' lang='lat' dir='ltr'>Antiquam</span> <span class='ocrx_word' id='word_1_155' title='bbox 766 2623 886 2678; x_wconf 88' lang='lat' dir='ltr'>autem</span> <span class='ocrx_word' id='word_1_156' title='bbox 907 2602 1177 2678; x_wconf 80' lang='lat' dir='ltr'>exhaullionum</span> <span class='ocrx_word' id='word_1_157' title='bbox 1195 2601 1407 2676; x_wconf 90' lang='lat' dir='ltr'>methodum</span> 
     </span>
    </p>

    <p class='ocr_par' dir='ltr' id='par_1_9' title="bbox 360 2699 1406 3682">
     <span class='ocr_line' id='line_1_25' title="bbox 361 2699 1406 2805; baseline 0.001 -29"><span class='ocrx_word' id='word_1_158' title='bbox 361 2701 405 2776; x_wconf 88' lang='lat' dir='ltr'>ad</span> <span class='ocrx_word' id='word_1_159' title='bbox 422 2699 606 2776; x_wconf 86' lang='lat' dir='ltr'>meliorem</span> <span class='ocrx_word' id='word_1_160' title='bbox 625 2703 774 2778; x_wconf 84' lang='lat' dir='ltr'>sormam</span> <span class='ocrx_word' id='word_1_161' title='bbox 793 2702 979 2778; x_wconf 85' lang='lat' dir='ltr'>revocavit</span> <span class='ocrx_word' id='word_1_162' title='bbox 996 2729 1091 2778; x_wconf 87' lang='lat' dir='ltr'>nova</span> <span class='ocrx_word' id='word_1_163' title='bbox 1107 2701 1319 2794; x_wconf 78' lang='lat' dir='ltr'>methodos,</span> <span class='ocrx_word' id='word_1_164' title='bbox 1335 2729 1406 2805; x_wconf 88' lang='lat' dir='ltr'>qua</span> 
     </span>
     <span class='ocr_line' id='line_1_26' title="bbox 363 2801 1405 2907; baseline 0.002 -31"><span class='ocrx_word' id='word_1_165' title='bbox 363 2803 429 2894; x_wconf 87' lang='lat' dir='ltr'>fit,</span> <span class='ocrx_word' id='word_1_166' title='bbox 444 2821 483 2876; x_wconf 91' lang='lat' dir='ltr'>ut</span> <span class='ocrx_word' id='word_1_167' title='bbox 504 2801 599 2876; x_wconf 89' lang='lat' dir='ltr'>inter</span> <span class='ocrx_word' id='word_1_168' title='bbox 618 2803 702 2878; x_wconf 87' lang='lat' dir='ltr'>duas</span> <span class='ocrx_word' id='word_1_169' title='bbox 720 2803 941 2907; x_wconf 86' lang='lat' dir='ltr'>quantitates</span> <span class='ocrx_word' id='word_1_170' title='bbox 962 2804 1145 2905; x_wconf 68' lang='lat' dir='ltr'>equalitas</span> <span class='ocrx_word' id='word_1_171' title='bbox 1165 2801 1299 2878; x_wconf 67' lang='lat' dir='ltr'>directe</span> <span class='ocrx_word' id='word_1_172' title='bbox 1322 2804 1405 2905; x_wconf 75' lang='lat' dir='ltr'>sape</span> 
     </span>
     <span class='ocr_line' id='line_1_27' title="bbox 361 2901 1405 3006; baseline 0.003 -31"><span class='ocrx_word' id='word_1_173' title='bbox 361 2901 643 2995; x_wconf 82' lang='lat' dir='ltr'>demonstretur,</span> <span class='ocrx_word' id='word_1_174' title='bbox 670 2929 777 3006; x_wconf 88' lang='lat' dir='ltr'>quam</span> <span class='ocrx_word' id='word_1_175' title='bbox 804 2901 1003 2994; x_wconf 71' lang='lat' dir='ltr'>indirebl&#39;e‚</span> <span class='ocrx_word' id='word_1_176' title='bbox 1029 2903 1066 2978; x_wconf 81' lang='lat' dir='ltr'>dt</span> <span class='ocrx_word' id='word_1_177' title='bbox 1096 2931 1159 3004; x_wconf 89' lang='lat' dir='ltr'>per</span> <span class='ocrx_word' id='word_1_178' title='bbox 1188 2903 1405 3003; x_wconf 75' lang='lat' dir='ltr'>longissimas</span> 
     </span>
     <span class='ocr_line' id='line_1_28' title="bbox 361 3003 1406 3112; baseline -0.001 -34"><span class='ocrx_word' id='word_1_179' title='bbox 361 3003 525 3102; x_wconf 79' lang='lat' dir='ltr'>ambages</span> <span class='ocrx_word' id='word_1_180' title='bbox 546 3005 701 3112; x_wconf 83' lang='lat' dir='ltr'>Antiqui</span> <span class='ocrx_word' id='word_1_181' title='bbox 720 3029 783 3108; x_wconf 85' lang='lat' dir='ltr'>pet</span> <span class='ocrx_word' id='word_1_182' title='bbox 801 3003 1047 3080; x_wconf 72' lang='lat' dir='ltr'>redusiioncm</span> <span class='ocrx_word' id='word_1_183' title='bbox 1066 3005 1109 3080; x_wconf 83' lang='lat' dir='ltr'>ad</span> <span class='ocrx_word' id='word_1_184' title='bbox 1139 3004 1328 3080; x_wconf 87' lang='lat' dir='ltr'>absurdum</span> <span class='ocrx_word' id='word_1_185' title='bbox 1356 3006 1406 3078; x_wconf 90' lang='lat' dir='ltr'>in-</span> 
     </span>
     <span class='ocr_line' id='line_1_29' title="bbox 361 3103 578 3178; baseline -0.005 0"><span class='ocrx_word' id='word_1_186' title='bbox 361 3103 578 3178; x_wconf 89' lang='lat' dir='ltr'>veniebant.</span> 
     </span>
     <span class='ocr_line' id='line_1_30' title="bbox 369 3203 1405 3282; baseline 0.009 -9"><span class='ocrx_word' id='word_1_187' title='bbox 369 3253 373 3262; x_wconf 83' lang='lat'>-</span> <span class='ocrx_word' id='word_1_188' title='bbox 461 3205 507 3277; x_wconf 89' lang='lat' dir='ltr'>V.</span> <span class='ocrx_word' id='word_1_189' title='bbox 534 3203 672 3280; x_wconf 87' lang='lat' dir='ltr'>Eodem</span> <span class='ocrx_word' id='word_1_190' title='bbox 691 3205 922 3282; x_wconf 82' lang='lat' dir='ltr'>fundamento</span> <span class='ocrx_word' id='word_1_191' title='bbox 938 3205 1109 3280; x_wconf 86' lang='lat' dir='ltr'>innititur</span> <span class='ocrx_word' id='word_1_192' title='bbox 1126 3227 1201 3280; x_wconf 85' lang='lat' dir='ltr'>tam</span> <span class='ocrx_word' id='word_1_193' title='bbox 1218 3207 1405 3282; x_wconf 85' lang='lat' dir='ltr'>methodus</span> 
     </span>
     <span class='ocr_line' id='line_1_31' title="bbox 360 3305 1405 3410; baseline 0.001 -32"><span class='ocrx_word' id='word_1_194' title='bbox 360 3305 636 3398; x_wconf 83' lang='lat' dir='ltr'>Cavalleriaoa,</span> <span class='ocrx_word' id='word_1_195' title='bbox 653 3307 759 3410; x_wconf 68' lang='lat' dir='ltr'>quim</span> <span class='ocrx_word' id='word_1_196' title='bbox 780 3305 966 3382; x_wconf 88' lang='lat' dir='ltr'>methodus</span> <span class='ocrx_word' id='word_1_197' title='bbox 992 3307 1283 3382; x_wconf 87' lang='lat' dir='ltr'>evanescentium</span> <span class='ocrx_word' id='word_1_198' title='bbox 1313 3308 1405 3382; x_wconf 89' lang='lat' dir='ltr'>divi-</span> 
     </span>
     <span class='ocr_line' id='line_1_32' title="bbox 360 3403 1403 3510; baseline 0.004 -34"><span class='ocrx_word' id='word_1_199' title='bbox 360 3405 536 3496; x_wconf 76' lang='lat' dir='ltr'>sibilium,</span> <span class='ocrx_word' id='word_1_200' title='bbox 562 3405 618 3482; x_wconf 87' lang='lat' dir='ltr'>seu</span> <span class='ocrx_word' id='word_1_201' title='bbox 638 3403 929 3482; x_wconf 88' lang='lat' dir='ltr'>infinitefimalis:</span> <span class='ocrx_word' id='word_1_202' title='bbox 956 3429 1105 3510; x_wconf 85' lang='lat' dir='ltr'>utraque</span> <span class='ocrx_word' id='word_1_203' title='bbox 1137 3407 1403 3507; x_wconf 79' lang='lat' dir='ltr'>investigationi</span> 
     </span>
     <span class='ocr_line' id='line_1_33' title="bbox 361 3503 1402 3612; baseline 0.004 -33"><span class='ocrx_word' id='word_1_204' title='bbox 361 3503 409 3579; x_wconf 89' lang='lat' dir='ltr'>ell</span> <span class='ocrx_word' id='word_1_205' title='bbox 433 3505 630 3607; x_wconf 70' lang='lat' dir='ltr'>aptissima,</span> <span class='ocrx_word' id='word_1_206' title='bbox 673 3528 823 3612; x_wconf 84' lang='lat' dir='ltr'>utraque</span> <span class='ocrx_word' id='word_1_207' title='bbox 854 3505 1171 3584; x_wconf 83' lang='lat' dir='ltr'>demonstrationes</span> <span class='ocrx_word' id='word_1_208' title='bbox 1204 3509 1340 3584; x_wconf 88' lang='lat' dir='ltr'>mirum</span> <span class='ocrx_word' id='word_1_209' title='bbox 1366 3509 1402 3583; x_wconf 90' lang='lat' dir='ltr'>io</span> 
     </span>
     <span class='ocr_line' id='line_1_34' title="bbox 362 3606 731 3682; baseline 0.005 -4"><span class='ocrx_word' id='word_1_210' title='bbox 362 3606 508 3681; x_wconf 90' lang='lat' dir='ltr'>modum</span> <span class='ocrx_word' id='word_1_211' title='bbox 528 3607 731 3682; x_wconf 87' lang='lat' dir='ltr'>contrahit.</span> 
     </span>
    </p>
   </div>
   <div class='ocr_carea' id='block_1_4' title="bbox 460 3707 1523 3812">
    <p class='ocr_par' dir='ltr' id='par_1_10' title="bbox 460 3707 1523 3812">
     <span class='ocr_line' id='line_1_35' title="bbox 460 3707 1523 3812; baseline 0.008 -34"><span class='ocrx_word' id='word_1_212' title='bbox 460 3709 527 3782; x_wconf 86' lang='lat' dir='ltr'>VI.</span> <span class='ocrx_word' id='word_1_213' title='bbox 553 3709 596 3786; x_wconf 85' lang='lat' dir='ltr'>ln</span> <span class='ocrx_word' id='word_1_214' title='bbox 623 3733 772 3812; x_wconf 87' lang='lat' dir='ltr'>utraque</span> <span class='ocrx_word' id='word_1_215' title='bbox 800 3707 971 3786; x_wconf 88' lang='lat' dir='ltr'>methodo</span> <span class='ocrx_word' id='word_1_216' title='bbox 1000 3709 1226 3807; x_wconf 87' lang='lat' dir='ltr'>cavendum,</span> <span class='ocrx_word' id='word_1_217' title='bbox 1254 3735 1400 3786; x_wconf 87' lang='lat' dir='ltr'>oecon·</span> <span class='ocrx_word' id='word_1_218' title='bbox 1519 3780 1523 3786; x_wconf 89' lang='lat'>.</span> 
     </span>
    </p>
   </div>
   <div class='ocr_carea' id='block_1_5' title="bbox 1269 3834 1355 3888">
    <p class='ocr_par' dir='ltr' id='par_1_11' title="bbox 1269 3834 1355 3888">
     <span class='ocr_line' id='line_1_36' title="bbox 1269 3834 1355 3888; baseline -0.058 1"><span class='ocrx_word' id='word_1_219' title='bbox 1269 3834 1355 3888; x_wconf 66' lang='lat' dir='ltr'>lssl&#39;ll·</span> 
     </span>
    </p>
   </div>
   <div class='ocr_carea' id='block_1_6' title="bbox 0 0 1556 4650">
    <p class='ocr_par' dir='ltr' id='par_1_12' title="bbox 0 0 1556 4650">
     <span class='ocr_line' id='line_1_37' title="bbox 0 0 1556 4650; baseline 0 0"><span class='ocrx_word' id='word_1_220' title='bbox 0 0 1556 4650; x_wconf 95' lang='lat' dir='ltr'> </span> 
     </span>
    </p>
   </div>
  </div>
 </body>
</html>
