3110 4662
374 301 416 350 12
627 279 662 346 G
685 300 707 348 ε
730 301 754 349 o
778 299 811 348 Μ
835 297 857 348 ε
879 296 904 346 τ
929 299 953 346 R
979 297 990 348 1
1015 302 1048 352 on

320 375 540 450 cannabino
526 400 562 447 m
583 375 710 471 pedes,
736 377 783 452 Θ
807 375 1049 472 decempedas,
1085 376 1279 478 illorumque
1303 377 1357 452 oli·

315 481 407 573 gnos
430 470 580 571 legitimi
604 475 738 574 diviso,
765 502 833 548 nna
857 500 929 548 curn
947 476 1089 576 reliquis
1107 478 1357 578 instrumentis,

321 601 459 674 quorum
487 573 775 673 artificium&
801 575 912 676 usur,
945 581 999 648 nti
1018 577 1183 676 sedabit
1210 574 1356 678 occaso

321 675 563 770 explicabitur.
614 677 760 748 Uononis
784 675 873 750 morlo
898 628 1106 778 instituenda
1124 679 1174 774 ιβ
1190 683 1359 774 operatio,

316 769 456 876 suein
480 774 619 866 cbarta,
649 769 728 875 five
753 781 790 848 in
814 797 950 874 campo,
986 797 1024 849 ut
1049 776 1246 874 intelligas,
1281 801 1361 852 num

321 901 362 948 ec
381 871 496 974 facere
515 873 638 988 poffis,
663 901 738 976 que
756 876 942 968 jubentur.

421 975 566 1048 Praxis.
619 979 661 1049 ln
684 974 802 1050 charra
821 975 917 1049 linea
942 980 1030 1050 rebla
1047 977 1182 1050 ducitur
1194 973 1362 1074 graphio,

323 1094 383 1150 aut
403 1096 518 1171 penno
534 1075 642 1168 juxta
659 1076 807 1172 regulam
827 1077 871 1150 od
888 1077 951 1149 duo
965 1081 1091 1172 pundo
1109 1075 1193 1150 clara
1211 1076 1364 1174 applica-

322 1195 413 1248 tam.
465 1179 509 1249 In
533 1197 646 1272 campo
670 1180 788 1250 reliam
813 1175 937 1250 lineam
961 1173 1171 1277 befignabis,
1213 1175 1363 1294 r[unem

322 1272 522 1348 extendas
507 1297 596 1349 anter
622 1278 701 1350 duos
726 1276 852 1349 limites
875 1276 991 1351 clatos
1020 1277 1158 1378 Absque
1199 1279 1276 1349 unis
1301 1273 1364 1349 aol-

322 1376 478 1450 miniculo
501 1375 589 1450 idem
615 1378 768 1477 efficies,
816 1403 913 1474 oper
936 1379 1160 1475 quadrantis,
1192 1397 1253 1452 aut
1280 1376 1365 1482 alte·

323 1479 396 1546 rins
420 1477 632 1592 instrumenti
657 1479 831 1550 binasoo
802 1482 928 1573 ioptras
944 1477 1144 1552 collimans'
1129 1505 1166 1551 on
1186 1474 1365 1551 terminum

322 1574 463 1668 datum,
483 1577 610 1669 jubeas
631 1577 748 1671 piures
774 1577 911 1650 bacillos
928 1581 1029 1652 certis
1046 1575 1244 1652 intervallis
1262 1573 1365 1674 infigi

322 1697 382 1768 ope
399 1675 522 1747 libella
536 1673 859 1772 perpendiculariter
877 1699 1045 1768 terrae,r
1012 1675 1063 1778 fic
1083 1697 1121 1750 ut
1139 1703 1293 1751 omnesr
1261 1673 1366 1776 fimnl

322 1773 459 1848 bacillos
471 1797 535 1873 per
550 1775 700 1871 dioptrae
724 1777 937 1874 conspiciac,·
961 1781 1014 1849 ita
1041 1781 1153 1868 enim,
1178 1796 1257 1876 quot
1285 1774 1366 1871 pla·

322 1880 460 1967 cuerit,
490 1879 618 1974 pontia
644 1875 688 1948 ad
713 1879 832 1952 reliam
855 1878 979 1951 lineam
1006 1874 1179 1980 qnaefitam
1203 1877 1368 1951 notabun-

322 1995 396 2047 tur.

565 2182 1022 2254 Posrucnrum
1066 2179 1123 2250 11.

325 2397 387 2474 33.
504 2377 622 2450 Euam
648 2373 774 2450 lineam
800 2377 1014 2450 terminatam
1042 2381 1202 2474 utrinque
1225 2373 1368 2473 produci

523 2473 635 2585 pff,
661 2479 712 2550 ito
738 2497 776 2546 ut
803 2478 890 2549 rebla
915 2497 1068 2548 maneat.

424 2573 549 2650 Praxis
576 2574 692 2648 eadm
703 2602 816 2676 ,quoe
835 2577 953 2693 prins.
979 2575 1063 2667 Vel,
1088 2575 1215 2650 duobus
1238 2573 1368 2648 baculis

325 2678 363 2748 in
384 2675 470 2755 olata
495 2676 582 2748 rebla
606 2601 750 2772 άζβηκὶι,
777 2680 898 2747 tertius
913 2678 950 2749 in
970 2627 1083 2748 eadein
1102 2679 1189 2749 rebla
1205 2675 1367 2772 produlia

325 2773 511 2872 infigetur,
532 2770 565 2876 β
591 2773 719 2849 oculo
705 2774 1022 2866 connominato,
1047 2797 1118 2848 caet
1113 2781 1158 2848 ri
1175 2801 1238 2848 non
1258 2794 1367 2872 appa·

327 2896 453 2947 reone.
503 2879 609 2950 Ratio
635 2874 820 2950 aluminis
838 2875 1017 2950 reliilinea
1040 2879 1281 2973 propagatione
1304 2895 1368 2972 pe·

328 2973 431 3048 tenda
456 2973 523 3076 ιβ.

760 3177 930 3253 Scholion·

332 3313 485 3576 DUo
504 3375 611 3476 sunt,
638 3403 714 3476 quoe
737 3381 774 3451 in
799 3379 977 3452 metiendis
1004 3377 1239 3454 interuallis
1225 3394 1370 3472 rrrepere

473 3474 561 3550 olent
583 3479 679 3552 vitia
704 3475 793 3578 exs
760 3475 907 3578 funibus
930 3482 1077 3552 cannabe
1101 3503 1167 3552 com
1167 3473 1303 3577 pofitis.

434 3475 482 3648 Il
490 3580 619 3650 Humor
643 3577 703 3678 eo
669 3577 768 3678 solem
793 3576 993 3664 contrabit,·
1025 3579 1073 3657 Θ*
1097 3583 1192 3650 vires
1225 3572 1368 3742 άίυιβι

332 3674 547 3779 taaeqoatoer
571 3677 733 3756 tendunt.
784 3677 1018 3754 Schwenterus
1043 3683 1157 3754 Geom.
1178 3679 1284 3776 prati.
1320 3673 1365 3745 ib·

1189 3801 1221 3850 1.
1239 3797 1317 3848 nar·
