3090 4668
463 341 536 433 164
648 341 1211 451 EenmenrumVII.

649 573 652 580 ·
767 535 1050 612 ,corollarium
1056 545 1087 613 1.

409 769 499 845 291.
512 743 594 928 IN
617 737 772 841 proceffu
793 739 920 812 horum
941 740 1214 816 Elementorum
1233 739 1463 816 demonstra-

582 841 719 931 bimus,
746 866 815 940 qua
835 839 974 913 ratione
995 839 1214 939 geometrice
1235 841 1352 916 dividi
1377 845 1466 944 pos-

409 947 450 1021 fit
479 940 766 1017 circumferentia
794 937 919 1014 circuli
949 937 987 1014 in
1020 965 1039 1035 ς
1072 940 1109 1014 &
1128 965 1179 1014 ,ιο
1200 965 1319 1041 partes
1340 969 1468 1055 aequa-

409 1049 479 1120 les.
508 1043 603 1116 Cum
633 1041 721 1114 verb
752 1040 875 1114 harum
904 1039 1060 1140 partium
1090 1041 1256 1144 quaelibet
1287 1041 1465 1118 biferrum

409 1143 525 1219 dividi
545 1142 649 1216 focile
669 1139 797 1242 point,
826 1139 908 1214 hinc
928 1139 1081 1216 construi
1105 1163 1274 1241 poterunt
1304 1143 1465 1244 polygo*

409 1272 479 1334 rra,
511 1267 559 1338 ς,
588 1264 649 1316 aut
674 1263 745 1332 10,
766 1263 828 1314 aur
847 1239 997 1331 cujusvis
1018 1241 1158 1318 numeri
1174 1243 1333 1316 ,laterum
1352 1269 1464 1318 com-

409 1344 512 1447 posrti
532 1369 578 1416 ex
598 1341 771 1416 continuo
790 1339 899 1416 ducru
922 1364 941 1434 ς
963 1339 1001 1412 in
1023 1367 1069 1416 2.

508 1441 740 1518 Geometrica
757 1441 883 1515 divino
901 1441 1198 1516 circumferentiae
1218 1445 1255 1516 in
1279 1467 1297 1538 ς
1333 1465 1463 1542 partes

410 1545 583 1650 equales,
603 1567 752 1646 quarum
773 1541 912 1640 fingulae
933 1541 1056 1616 valent
1076 1567 1125 1639 72
1149 1543 1299 1642 gradus,
1320 1543 1356 1616 &
1368 1569 1463 1643 geo-

409 1645 560 1721 metrica
590 1642 725 1744 pariter
752 1641 879 1716 divisio
907 1638 1060 1731 ejusdem
1088 1642 1387 1717 circumferentiae
1419 1645 1462 1719 in

411 1747 436 1821 6
455 1767 571 1848 partes
591 1743 765 1846 equales,
784 1767 934 1845 quarum
951 1741 1091 1840 fingulae
1106 1742 1185 1817 sunt
1201 1743 1374 1843 graduum
1386 1744 1461 1838 60,

409 1848 616 1935 obtinetur,
644 1841 862 1916 inveniendo
881 1867 1001 1915 arcum
1022 1841 1194 1942 graduum
1220 1868 1261 1917 12
1276 1897 1289 1936 ‚
1304 1844 1366 1947 qui
1389 1847 1463 1920 tri·

410 1946 538 2047 gefirna
558 1967 637 2044 pars
657 1942 705 2018 est
724 1943 836 2018 totius
856 1942 1177 2035 circumferentiae,
1198 1945 1254 2017 seu
1275 1942 1459 2044 graduum

411 2046 512 2144 360.
549 2050 671 2136 Quare
700 2041 915 2143 geometrice
935 2042 1052 2118 dividi
1073 2043 1185 2144 potest
1205 2065 1283 2118 tota
1302 2045 1462 2119 circum-

411 2145 564 2222 ferentia
594 2145 631 2218 in
664 2167 713 2241 30
745 2165 862 2245 partes
890 2145 1065 2247 aequales,
1086 2143 1398 2247 &consequenter
1421 2147 1462 2222 in

415 2273 487 2342 15,
522 2272 561 2318 ac
598 2265 767 2345 praeterea
796 2243 833 2316 in
862 2269 1050 2318 numerum
1079 2244 1234 2344 partium
1265 2271 1291 2318 ae
1320 2245 1462 2322 ualium

411 2345 582 2421 continue
609 2344 756 2444 duplum
774 2343 914 2418 numeri
936 2367 1011 2444 30,
1036 2343 1103 2420 hoc
1124 2343 1195 2437 est,
1222 2344 1261 2420 in
1280 2271 1356 2438 io,
1381 2368 1459 2422 120

413 2447 483 2523 &n
503 2465 620 2546 partes
640 2443 811 2544 aequales.

845 2609 997 2723 icboiiuu
1009 2699 1019 2720 .

413 2872 504 2945 292¹.
618 2851 689 2921 Uia
707 2847 849 2922 noudum
868 2869 1000 2946 reperta
1019 2849 1067 2948 est
1087 2831 1165 2940 ars,
1191 2875 1261 2948 qua
1272 2847 1343 2950 solo
1361 2854 1461 2922 circi·

519 2853 629 3060 Q
642 2975 704 3040 uo,
723 2958 770 3025 Θ*
785 2949 902 3045 reguli
920 2948 1190 3048 circumferentia
1218 2950 1335 3024 circuli
1361 2951 1462 3024 diui·

409 3049 516 3124 dorur
533 3055 571 3124 iu
584 3069 703 3148 parrer
720 3076 770 3145 7,
791 3073 839 3147 9,
863 3071 931 3140 11,
955 3072 1026 3145 13,
1049 3071 1119 3142 14,
1142 3072 1187 3146 17
1209 3051 1305 3144 cre,
1323 3048 1461 3144 idcirco,

410 3155 543 3249 quoties
556 3149 924 3247 polygonum-regulare
941 3148 998 3224 buc
1015 3149 1159 3224 imorum
1177 3176 1309 3226 numero
1336 3171 1461 3246 compo·

407 3248 513 3352 strum
539 3251 720 3353 construere
747 3269 926 3344 oporteat,
955 3251 1135 3346 quaerenda
1162 3255 1229 3326 erir
1260 3251 1461 3326 attentando

410 3352 507 3426 modi.
519 3349 608 3444 bec,
633 3349 724 3424 orodi
743 3350 806 3424 iiia
824 3352 942 3422 circini
960 3369 1142 3443 apertura,
1167 3376 1237 3448 qua
1247 3351 1334 3450 fieri
1342 3349 1460 3449 poffir‚

412 3473 454 3526 ur
470 3449 737 3554 circumferentia
756 3449 872 3522 circuli
890 3451 927 3521 iu
945 3449 1081 3522 raridem
1095 3472 1216 3547 parrer
1234 3449 1383 3626 agruim
1401 3451 1458 3524 di·

410 3553 580 3646 uitiatur,
603 3573 682 3653 qum
709 3549 820 3626 iarera
842 3547 1051 3645 polygonum.
1067 3548 1244 3652 quefirum
1286 3552 1461 3626 abere‘de·

412 3655 471 3728 ber
485 3703 497 3727 .

1294 3855 1411 3930 PRO·
