3104 4650
414 383 514 467 dunt,
540 381 575 450 dr
604 395 680 449 ante
708 379 806 448 linem
836 374 990 464 temporis
1009 372 1095 442 illius
1115 381 1248 466 propihs
1267 383 1309 451 ad
1328 385 1413 456 invi.

412 499 482 544 cem
500 472 675 554 accedunt,
693 473 790 561 quam
815 494 871 558 pro
888 473 961 538 data
976 468 1091 555 quavis
1104 469 1317 558 differentia,
1332 479 1411 546 fiunt
1493 500 1498 511 ·

413 565 532 636 ultimo
550 563 701 654 aquales.
1248 585 1321 656 pag.
1340 576 1407 653 169.

366 661 491 728 Lmnmo
515 659 560 726 ΙΙ.
586 661 649 726 Ill.
673 656 707 726 dt
731 658 839 726 Coroll.
867 655 915 722 De
939 651 1064 720 ultimis
1087 651 1271 724 rationibus
1286 659 1406 745 aequali-

412 749 509 832 tatis,
535 770 572 816 ac
595 747 634 816 de
661 747 900 816 exhaustionum
918 743 1049 827 limite,
1074 744 1108 809 in
1120 743 1223 834 ligura
1234 753 1352 834 quavis
1362 775 1404 818 re·

411 840 492 925 ms,
515 838 550 909 δι
574 841 683 910 curvis
702 835 912 926 comprehenl
937 883 945 901 .
1337 865 1405 928 ¹70·

366 933 491 1005 mma
515 933 564 1000 W.
589 931 621 997 Si
647 931 679 998 in
703 929 864 1020 pyramide
883 925 1113 1010 inscribantur,
1144 927 1180 996 δι
1204 929 1404 1000 circumscri-

413 1023 530 1092 bantur
549 1021 699 1109 prilmata
716 1042 920 1111 quotcunque
941 1017 973 1085 in
994 1019 1178 1104 infinitum,
1207 1023 1334 1092 ultimae
1358 1049 1404 1092 ra·

412 1115 538 1197 tiones,
561 1135 637 1200 quas
656 1113 776 1182 habent
798 1112 882 1180 adse
902 1112 1042 1178 invicem
1058 1109 1207 1197 prismata
1227 1115 1402 1200 inscripta,

411 1205 680 1292 circumscripta,
716 1205 750 1274 dr
778 1201 945 1291 pyramis,
977 1201 1049 1268 sunt
1078 1201 1219 1272 rationes
1248 1206 1405 1292 equalita·

412 1315 475 1364 trs.
1335 1320 1406 1384 174.

366 1391 492 1460 Lemma
516 1391 548 1456 V.
573 1387 799 1474 Pyramidum,
823 1385 857 1454 δι
890 1385 1106 1472 prismatum,
1137 1408 1207 1472 qua
1231 1391 1343 1470 conis,
1373 1391 1405 1456 dt

290 1547 299 1562 ,
413 1479 568 1566 cylindris
598 1481 630 1546 in
658 1479 822 1562 inlinitum
847 1477 1091 1558 inscribuntur,
1121 1478 1263 1548 rationes
1289 1481 1407 1549 ultima

412 1595 486 1640 cum
519 1571 628 1640 iisdem
657 1573 768 1655 conis,
792 1569 827 1640 δι
856 1568 1010 1656 cylindris
1034 1568 1105 1636 lunt
1126 1571 1267 1640 rationes
1282 1571 1408 1661 equali-

415 1683 517 1732 tatis.
864 1697 869 1702 ·
1338 1687 1408 1750 17.

368 1757 553 1844 Exemplum
577 1759 603 1824 1.
628 1753 812 1838 Pyramides
837 1751 1048 1842 triangulares
1070 1755 1157 1840 aqud
1182 1752 1254 1822 altar
1277 1779 1347 1824 eam
1364 1685 1410 1822 iri-

414 1867 463 1914 ter
482 1846 510 1914 se
532 1847 772 1933 proportionem
788 1844 928 1926 habent,
944 1869 1039 1932 quam
1057 1844 1162 1912 bases.
1334 1851 1408 1930 176.

367 1935 548 2024 Exemplum
573 1939 617 2004 ll.
642 1937 811 2004 Conorum
835 1937 923 2022 oequd
946 1937 1086 2006 altorum
1114 1940 1280 2026 proportio
1303 1939 1411 2008 eudem

412 2027 482 2112 est,
505 2049 576 2114 quae
595 2027 729 2096 balium.
1334 2051 1404 2119 ¹77·

644 2167 696 2236 De
713 2165 858 2236 Methodo
877 2164 1137 2252 Indivlfibilium.

367 2305 498 2374 Summa
518 2297 620 2374 totius
639 2303 806 2387 methodi,
828 2303 954 2392 eiusque
974 2306 1065 2374 usus.
1337 2309 1406 2393 178.

367 2396 511 2466 Examen
528 2395 671 2464 methodi
693 2393 964 2465 lndivisibilium.
1336 2405 1406 2486 185.

458 2537 510 2604 De
526 2533 671 2602 Metbndo
687 2531 926 2616 Exhauflionum
946 2537 985 2604 ab
1003 2537 1140 2626 antiquis
1156 2537 1323 2606 Geometris

593 2623 756 2706 adhiblta,
773 2625 919 2712 Euclide,
935 2625 978 2695 Θ·
993 2629 1192 2698 Archimede.

366 2762 509 2832 Euclidis
531 2763 681 2830 Lemma.
718 2816 722 2832 .
1336 2769 1404 2850 196.

366 2855 526 2924 Veterum
549 2855 581 2921 in
601 2853 844 2923 demonstrando
866 2857 1049 2928 circuitus.
1337 2859 1404 2942 198·
1520 2899 1523 2903 -

368 2947 528 3014 Indiredla
547 2945 766 3032 Antiquarum
786 2947 1018 3016 demonstrandi
1043 2947 1127 3016 tatio
1150 2948 1321 3018 confertur
1337 2969 1406 3016 cum

412 3037 531 3108 diredla
556 3036 820 3122 Recentiorum,
851 3040 886 3108 u
919 3040 1073 3128 exemplis
1111 3061 1248 3128 utraque
1277 3039 1406 3108 illustra·

413 3147 487 3198 tur.
1339 3152 1407 3216 ¹99·

422 3267 474 3337 De
488 3266 634 3336 Metlodo
651 3267 856 3337 Newtoniano
873 3269 1114 3356 evanescentium
1134 3269 1363 3354 divisibilium,
1507 3319 1509 3323 ι

533 3357 601 3442 five
616 3363 764 3429 rationum
778 3363 967 3449 primarum,
985 3359 1027 3428 Θ·
1040 3364 1245 3432 ultimarum.

371 3497 504 3565 Summa
525 3493 621 3578 hujus
637 3495 801 3582 methodi,
820 3497 949 3588 ejusque
968 3497 1063 3566 ulus.
1343 3517 1407 3582 203.

780 3681 1013 3750 FINIS.
