3110 4662
375 421 630 508 scientiarum
672 413 922 504 incremento
951 418 1080 505 enixe
1125 419 1413 538 cupientibus.

374 539 491 626 Nam
533 537 747 622 hominum
788 537 938 620 nedum
972 540 1153 644 naturis,
1194 539 1416 624 sedetiam

374 657 719 745 lucubrationibus
754 655 925 766 quadrat
968 658 1250 742 Horatianum·
1281 656 1416 742 illud:

375 779 554 891 Optimus
585 767 654 856 ille
683 773 755 885 est,
786 774 854 884 qut'
885 773 1053 858 minimis
1082 803 1257 890 urgetur.
1372 881 1374 886 Ι

493 892 716 1005 Reliquum
758 891 812 973 est
853 915 898 974 ut
938 890 1313 1006 iis-respondeam,
1343 890 1418 1004 qui

376 1011 457 1094 haec
498 1037 522 1094 a
565 1039 630 1094 me
663 1005 823 1093 trallati
854 1009 1056 1092 elementa
1089 1011 1218 1092 multo
1253 1010 1417 1092 brevius
1520 1083 1523 1088 ,

377 1125 633 1213 volnissent.·
669 1130 733 1211 Ac
766 1125 824 1209 illi
854 1126 1017 1237 quidem
1050 1127 1252 1212 difficilem
1274 1155 1417 1240 quam-

377 1246 492 1332 dam„
514 1243 826 1359 temperantiam
863 1242 1062 1356 postulant
1104 1247 1143 1329 in
1177 1275 1258 1349 eo,
1305 1244 1414 1358 quod

377 1363 500 1449 semel
547 1359 756 1448 admissum
805 1365 1007 1467 coerceri,
1047 1365 1295 1478 reprimique
1332 1389 1413 1446 non

376 1479 528 1596 potest,
557 1481 598 1565 in
628 1507 752 1590 reque
781 1508 828 1561 eo
851 1480 1037 1584 meliore,
1068 1511 1150 1594 quo
1172 1481 1327 1564 uberior
1342 1479 1414 1581 stt,

378 1600 703 1684 mediocritatem
744 1596 990 1681 desrderant.
1050 1601 1164 1683 Nam
1213 1599 1314 1683 nihil
1359 1597 1414 1680 est

377 1718 450 1822 iis,
490 1717 563 1830 qui
592 1716 690 1800 alios
720 1715 862 1798 docere
895 1717 1072 1820 volunt,
1113 1741 1197 1800 tam
1235 1714 1381 1800 advers
1399 1765 1415 1783 ·

378 1837 520 1938 rium,
561 1862 685 1945 quam
726 1832 884 1945 quaesrta
918 1835 1092 1917 brevitas
1122 1835 1164 1917 in
1200 1861 1314 1920 tanta
1346 1861 1416 1916 vo·

377 1981 473 2038 cum
505 1955 717 2055 novitate,
746 1955 785 2038 8(
816 1981 975 2036 rerum.
1037 1954 1287 2069 intelligenti
1320 1979 1416 2064 pau·

376 2099 449 2178 ca,
480 2096 524 2154 ut
548 2069 673 2155 veteri
700 2070 914 2182 proverbio
935 2072 1079 2154 tritum
1099 2071 1174 2182 est;
1206 2097 1248 2154 at
1268 2071 1418 2154 discen·

377 2189 413 2274 ti
445 2217 524 2274 non
558 2190 641 2274 ita.
672 2188 835 2291 Isthmo,
865 2217 953 2299 quar
975 2215 1145 2291 vocant,
1177 2189 1416 2272 Geometriae

377 2307 642 2418 compendia,
673 2303 824 2406 fateor,
854 2305 1074 2387 avidissime
1105 2307 1323 2418 exquirunt
1342 2307 1417 2388 Ti·

379 2452 518 2525 tunm,
547 2447 590 2506 at
610 2419 791 2504 citisstme
812 2420 936 2504 etiam
955 2419 1160 2507 deserunt.
1192 2425 1304 2538 Quid
1325 2451 1415 2508 cau·

379 2540 430 2623 sae
456 2539 532 2643 stt,
572 2538 749 2651 explicat
784 2539 959 2622 Platonis
992 2540 1278 2654 elegantissima
1307 2569 1415 2625 com·
1542 2651 1544 2654 Ι

381 2659 538 2772 paratio
570 2657 638 2740 lib.
672 2684 708 2738 2.
737 2655 785 2741 de
818 2662 921 2770 Rep.
953 2658 993 2740 Si
1018 2660 1131 2770 quir,
1156 2661 1314 2772 inquit,
1345 2688 1413 2741 no·

380 2777 440 2858 bis
471 2772 728 2891 proposuisset
759 2773 910 2887 aliquid
951 2776 1072 2891 longo
1110 2779 1327 2860 intervallo
1358 2778 1412 2859 le·

380 2895 586 3009 gendum,
616 2893 724 3006 quod
757 2891 921 2976 minutis
952 2895 1095 2978 litteris
1136 2893 1325 3009 scriptum
1355 2893 1414 2977 so-

380 3037 473 3118 ret,
514 3040 644 3125 neque
677 3039 747 3094 nos
778 3010 895 3098 valde
926 3014 1074 3114 acutia,
1113 3015 1152 3096 8<
1182 3010 1413 3126 perspicaci·

381 3131 454 3214 bus
477 3127 638 3215 essemus
669 3129 817 3232 oculis,
848 3129 1059 3243 posteaque
1091 3129 1211 3214 alicui
1234 3131 1412 3216 nostrum

380 3250 539 3336 veniret
579 3248 621 3332 in
662 3272 874 3348 mentem,
914 3248 1021 3332 idem
1062 3249 1158 3331 alibi
1189 3250 1339 3334 exstare
1370 3252 1410 3333 in

382 3366 525 3452 latiore
559 3365 695 3451 tabula
727 3365 1002 3480 grandioribus'
1033 3365 1176 3452 litteris
1197 3367 1413 3480 scriptum,

383 3507 505 3567 nemo
535 3482 626 3587 esset
657 3485 755 3594 quin
788 3482 899 3566 lucro
928 3513 1150 3598 apponeret
1172 3486 1283 3570 illam
1305 3486 1411 3598 prius

380 3600 594 3715 inspicere,
625 3626 670 3684 ut
695 3601 850 3716 postea,
880 3631 966 3713 quae
998 3605 1038 3686 in
1072 3605 1226 3689 minore
1267 3604 1410 3716 scripta

378 3719 523 3827 essent,
554 3721 692 3806 iisdem
722 3719 892 3836 vestigiis
923 3719 1078 3806 sutilius
1108 3721 1292 3837 persequi
1327 3717 1409 3832 pos-

1275 3837 1350 3923 set.
