3054 4662
446 493 759 564 Eaarnnrtrunt
782 495 887 563 VII.

185 683 238 752 De
250 679 383 750 Ratione
399 674 627 852 Superfiritrfm
634 721 651 836 Ξ
659 675 891 836 fidicinam
908 672 940 740 in
955 674 1133 763 Corporibus

585 794 663 836 tmrr
684 795 737 836 as.

139 954 247 1026 Theoi
312 949 455 1021 lnrilium
486 950 673 1037 prismatum
700 949 889 1026 altitudines
920 951 1013 1034 sunt,
1045 967 1081 1018 ut
1115 949 1179 1022 duo

331 1041 670 1130 quaelibethornologa
691 1042 805 1116 basium
821 1041 942 1111 latera.
1008 1061 1079 1132 pag.
1108 1063 1180 1110 120.

138 1137 250 1204 Coroll.
268 1138 294 1202 Ι.
308 1132 469 1202 Similium
487 1133 686 1220 pyramidum
707 1133 897 1204 altitudines
909 1133 1131 1221 suntpatrtcr
1144 1149 1180 1200 ut

183 1225 247 1292 duo
264 1223 411 1312 quaeliber
430 1224 599 1313 homologa
620 1223 734 1292 badum
755 1225 873 1293 latera.
1106 1245 1180 1292 121.

138 1319 251 1386 Coroll
268 1319 311 1384 ΙΙ.
326 1316 415 1384 Basca
431 1315 639 1401 prismatum,
664 1316 695 1382 dt
719 1313 920 1403 pyramidum
936 1314 1086 1388 limilium
1108 1315 1182 1383 sunt

186 1407 219 1474 iu
239 1407 362 1483 ratione
381 1406 541 1494 duplicata
560 1407 790 1476 altitudinum.
1104 1407 1180 1474 ibid.

140 1501 250 1568 Coroll.
267 1502 328 1568 ΙΙΙ.
339 1497 540 1568 Altitudints
552 1499 736 1584 prismatum
748 1549 758 1583 ,
772 1497 1018 1588 &pyramidum
1029 1497 1181 1567 similium

190 1589 261 1656 sunt
282 1589 418 1672 directe,
439 1609 473 1656 ut
495 1590 657 1676 perimetri
680 1589 818 1661 balium.
1105 1590 1180 1656 ibid.

144 1683 254 1751 Coroll.
270 1683 320 1748 ΙΙΙ.
345 1682 423 1749 Haec
445 1681 554 1750 eadem
573 1680 746 1770 cylindris,
773 1683 807 1752 &
828 1682 918 1752 cunis
935 1681 1110 1754 convenire
1130 1680 1183 1748 de·

191 1771 424 1838 monstrantur.
1106 1771 1189 1840 ibid.

144 1863 251 1932 Theoi.
275 1863 461 1948 Superstcies
479 1862 626 1932 omnium
647 1863 818 1934 solidorum
837 1864 1011 1946 similium,
1035 1861 1183 1950 quaepla·

190 1954 240 2022 nis
258 1953 428 2022 redlilineis
447 1955 683 2038 terminantur,
703 1957 796 2038 sunt,
820 1976 854 2024 ut
870 1957 935 2026 duo
955 1952 1103 2043 quaelibet
1117 1951 1184 2040 pla·

189 2069 231 2112 na
250 2043 440 2134 homologa,
457 2069 494 2114 ac
513 2046 644 2133 proinde
658 2047 910 2134 proportionales
926 2044 1184 2134 quadratis-duo·

190 2157 260 2204 rum
286 2135 530 2224 homologorum
553 2135 710 2206 laterum.
1110 2159 1183 2204 122.

17 2315 18 2324 ἵ
144 2228 251 2296 Theor.
276 2228 396 2295 omnia
418 2226 587 2313 prilnratn,
606 2224 885 2314 parallelepipcda,
910 2225 1068 2312 cylindri,
1093 2249 1185 2313 pyra-

191 2317 311 2400 mides,
335 2317 456 2384 &coni
478 2317 549 2384 lunt
570 2317 603 2386 in
633 2318 758 2390 rarione
785 2317 967 2406 compofita
981 2315 1123 2400 balium,
1149 2317 1183 2386 &

192 2408 429 2478 altitudinum
1008 2475 1012 2486 ,
1111 2427 1184 2492 123.

17 2501 18 2536 ³
145 2502 251 2570 Their.
276 2499 429 2568 Prilmata
450 2497 562 2568 fimilia
585 2499 685 2567 sunt'
676 2523 710 2569 m
731 2500 854 2573 ratione
876 2499 1038 2590 triplicata
1055 2499 1183 2578 luorum

191 2589 328 2660 laterum
350 2589 1183 2683 homologorurn.125.

145 2683 251 2752 Theoi.
278 2680 432 2766 Polyedra
451 2680 562 2751 finilia
583 2681 679 2750 lunt
671 2705 704 2749 ru
725 2685 849 2756 ratione
870 2683 1032 2772 triplicata
1052 2681 1181 2752 luorum

191 2772 326 2842 laterum
346 2771 611 2860 homologorum.
1109 2797 1182 2862 130

145 2865 249 2932 Theor.
274 2861 471 2950 Sphaerarurn
502 2861 680 2952 superficies
705 2864 814 2936 lunt
806 2889 839 2934 rn
867 2866 992 2936 ratione
1021 2864 1183 2952 duplicata

191 2955 315 3022 luorum
331 2954 514 3022 radiorum.
768 3029 770 3036 ¹
1109 2979 1182 3042 132.

145 3047 251 3114 T.lren
274 3045 405 3133 Sphotrae
432 3045 503 3114 lunt
529 3047 563 3114 in
588 3047 712 3116 ratione
740 3047 902 3138 triplicata
926 3050 1053 3119 luorum
1078 3048 1184 3119 radio·

192 3160 286 3203 rum
981 3203 985 3210 .
1107 3161 1181 3226 133.

145 3228 251 3297 Tbeor
275 3225 447 3314 Polyedra,
470 3251 538 3318 quae
556 3229 708 3300 dicuntur
727 3231 903 3322 regularia,
928 3229 1017 3320 plura
1036 3229 1093 3300 elle
1114 3253 1180 3296 nort

192 3316 1182 3408 pollunt,quamqurnque134.

145 3411 247 3478 Probl.
275 3409 391 3480 Metiri
412 3410 626 3500 soliditatem,
645 3429 682 3485 ac¹
700 3414 893 3504 superficiem
914 3415 1056 3506 quinque
1070 3431 1183 3500 corpo·

191 3523 264 3568 rum
290 3501 509 3589 regularium.
1116 3508 1180 3591 136

145 3592 247 3662 Probl
263 3591 463 3704 Soliditatcm
484 3619 652 3715 corporum
671 3599 894 3690 irregularium
913 3598 1043 3672 metiti.
1109 3618 1181 3686 137

1033 3783 1135 3858 Pna-
