3104 4650
213 283 303 358 simul
339 285 560 372 sumptorum.
605 279 695 350 Idem
723 279 893 350 dicendum
922 279 960 354 de
989 283 1206 374 pyramidibus

215 381 279 448 dte.
1079 405 1127 445 a.
1175 401 1207 462 9.

169 471 308 540 Lemma.
335 465 450 534 Omnis
471 463 609 552 pyramis
627 463 786 556 polygona
802 464 904 534 dividi
924 467 1023 555 potest
1043 397 1079 536 il
1097 399 1207 558 86τὶἑο-

167 583 275 722 dedrs.
287 559 574 736 pdllrinmilsdlasyrlamis
593 617 798 753 triangularis
816 647 858 716 ell
878 648 975 753 tertia
988 669 1057 738 pars
1073 567 1206 739 prisnial:

214 742 258 812 tis
277 743 419 812 eamdem
440 739 554 823 balim,
571 738 607 809 δι
625 738 830 808 altitudrnem
846 737 1012 809 habentis.
1128 743 1208 811 ibid.

169 837 278 904 Caroli.
305 836 332 902 l.
357 833 444 900 llinc
471 854 567 901 omne
590 831 704 918 prisma
720 830 914 922 triangulare
928 831 1030 901 dividi
1053 833 1151 924 potest
1171 833 1206 901 in

215 944 280 993 tres
295 923 471 1012 pyramides
490 921 702 1012 triangulares
721 921 808 991 inter
829 923 858 992 le
871 923 1020 1012 aquales.
1153 927 1206 992 62.

170 1019 281 1086 Coroll.
306 1019 349 1086 ll.
374 1015 462 1083 Hinc
481 1015 620 1102 pyramis
637 1013 757 1101 quavis
781 1013 939 1104 polygona
957 1018 998 1085 cll
1021 1016 1117 1086 tertia
1136 1037 1206 1102 pars

217 1106 375 1194 prismatis
389 1107 531 1176 camdem
552 1105 665 1188 basim,
683 1104 717 1173 δι
731 1102 936 1175 altitudinem
947 1105 1114 1177 habentis.
1130 1107 1206 1176 ibid.

171 1200 281 1268 Catuli.
306 1201 368 1267 ΙΙΙ.
393 1198 478 1285 Ergo
505 1219 604 1266 conus
628 1197 669 1265 cll
695 1197 791 1265 tertia
817 1221 885 1285 pars
905 1197 1041 1283 cylindri
1061 1199 1207 1270 eamdem

216 1289 331 1370 basrm,
346 1287 380 1358 ds
398 1287 605 1358 altitudinem
626 1285 796 1356 habentis.
1129 1290 1209 1360 ibid.

170 1384 282 1450 Catuli.
297 1381 346 1449 lV.
362 1381 447 1470 Ergo
488 1379 605 1466 yraruis
624 1401 818 1467 quaecunque
837 1398 979 1467 oequatur
997 1381 1140 1469 prismati
1152 1379 1207 1449 sub

215 1471 323 1540 eadern
353 1403 491 1553 balhd
520 1470 638 1542 triente
666 1469 726 1540 lua
748 1470 950 1556 altitudinis,
975 1471 1047 1556 vel,
1075 1472 1130 1542 lub
1154 1471 1212 1540 ea·'

216 1563 288 1630 dem
312 1560 505 1645 altitudine,
528 1562 698 1631 &triente
718 1561 778 1630 suaa
792 1560 916 1632 baseos.
1131 1563 1207 1632 ibid.

172 1657 284 1722 Caroli.
307 1655 340 1722 V.
365 1653 547 1740 Pyramides
572 1653 659 1742 aqud
679 1651 770 1738 altae,
793 1654 864 1721 lunt
884 1653 1024 1738 diretta,
1047 1671 1084 1724 ut
1101 1654 1207 1738 bases,

218 1747 252 1814 dt
268 1767 338 1832 quae
356 1744 472 1814 habent
489 1743 573 1814 bases
591 1743 744 1833 aequales,
763 1745 856 1829 sunt,
878 1764 913 1814 ut
932 1745 1138 1816 altitudines.
1154 1751 1209 1834 63.

173 1837 283 1904 Coroll.
308 1837 362 1908 Vl.
382 1836 542 1906 Similiter
559 1838 740 1925 cornaque
757 1835 837 1921 alti,
854 1835 926 1906 sunt
944 1835 1083 1922 diredld,
1102 1857 1137 1906 ut
1147 1837 1209 1907 cir·
1270 1907 1276 1916 ,

218 1925 282 1994 culi
304 1926 441 2012 balium,
457 1928 491 1997 δι
509 1927 663 2014 virilitur,
687 1928 760 1998 coni
780 1928 948 2016 aquilium
964 1927 1101 2014 balium,
1117 1929 1209 2012 lunt,

216 2037 251 2084 ut
275 2017 481 2089 altitudines.
1131 2021 1206 2089 ibid.

169 2109 274 2178 Thena.
298 2111 330 2176 Si
351 2107 608 2197 parallelepipeda
626 2107 757 2196 aqualia
774 2106 855 2194 lint,
880 2110 1077 2199 reciprocant
1103 2109 1210 2191 bases,

216 2198 478 2270 &altitudinem
1134 2201 1209 2269 ibid·
1251 2267 1253 2272 .

172 2293 283 2358 Corall.
310 2291 384 2360 Huc
399 2289 581 2361 Theorema
599 2291 685 2380 aqui
703 2289 859 2364 convenit
876 2289 1053 2380 prismatis,
1070 2291 1212 2380 pyrami-

218 2383 333 2464 dibus,
352 2383 462 2466 conis,
477 2383 511 2452 δι
529 2382 704 2470 cylindris.
970 2439 973 2445 .
1157 2385 1211 2468 64.

173 2475 276 2542 Probl.
300 2471 450 2542 Soliditas
470 2475 641 2562 pyramidis
662 2473 897 2564 cujuscunque,
913 2492 970 2542 aut
986 2473 1060 2545 coni
1075 2472 1212 2545 habetur

218 2586 257 2631 ex
278 2564 338 2633 basr
355 2565 448 2635 dueta
467 2567 500 2634 in
522 2567 650 2636 tertiam
670 2586 791 2654 partem
808 2565 1009 2640 altitudinis.
1133 2567 1210 2635 idid.

487 2749 801 2820 Etruscarum
826 2747 897 2816 IV.

475 2933 526 3004 De
538 2935 668 3004 Transis
685 2933 907 3023 Pyramidum.

333 3027 344 3068 s

172 3113 248 3202 Des.
348 3115 415 3185 Uid
441 3117 479 3186 stt
506 3117 650 3202 Pyramis
677 3117 868 3186 obtruncata
892 3114 931 3186 ad
959 3115 1045 3186 bales
1074 3113 1209 3204 paralle-

372 3207 439 3290 las,
461 3209 495 3278 dt
517 3209 605 3278 Coni
623 3229 775 3278 truncus.
1156 3213 1209 3296 ⁶7·

172 3297 279 3365 Thera.
303 3301 346 3366 So
361 3299 445 3370 idum
478 3300 611 3389 speciem
641 3301 807 3390 praeferens
833 3299 939 3369 trunci
959 3297 1150 3388 pyramidis,
1175 3299 1210 3370 δε

220 3388 312 3469 cuius
336 3390 421 3460 bases
451 3391 597 3482 opposita:
623 3392 682 3463 lint
708 3391 882 3481 parallelae,
904 3393 983 3480 quin
1002 3387 1210 3475 limileslint,

221 3503 286 3546 non
307 3483 369 3550 erit
390 3501 521 3554 truncus
543 3483 733 3573 pyramidis.
1156 3481 1209 3550 68.

175 3570 283 3638 Thror.
308 3573 347 3642 In
366 3573 455 3642 omni
475 3577 636 3664 pyramide
649 3575 838 3648 obtruncata
858 3575 895 3646 ad
915 3574 999 3646 bases
1025 3570 1209 3740 parrsslelas,

1117 3689 1163 3744 aec
