3104 4650
7 471 10 482 ,
428 395 907 472 Gnomnuntct.
1061 403 1134 492 187

7 501 12 544 l
137 491 269 570 elicitur
286 495 471 590 parabola,
499 492 730 588 triangulum,
761 517 820 568 aut
837 493 1184 594 parallelogrammum

7 601 11 646 ²
142 621 185 669 ex
205 595 342 672 totidem
361 594 462 668 lineis
479 595 644 695 constare,
672 594 891 696 aut'fitlidum
910 625 951 671 en
970 600 1105 674 totidem
1122 606 1186 674 cir-

141 696 254 788 culis,
278 697 326 771 o
344 692 475 795 fimilin
484 719 508 782 ,⁶
521 691 718 768 tantundem
737 695 785 795 est
803 721 841 768 ac
850 693 884 794 st
900 698 1087 793 diceretur,
1112 729 1185 776 can·

133 795 233 896 state
262 795 397 893 quidem
425 793 489 870 illa
514 823 556 870 en
575 792 721 869 totidem
739 801 896 870 tenuibus
909 799 1186 896 ¹parallelogram-

142 899 232 988 mis,
251 893 463 996 solidumque
490 918 531 969 en
558 895 695 968 totidem
723 899 880 970 tenuibus
897 897 1116 996 cylindrulis,
1146 924 1185 975 ut

141 1019 252 1070 eurum
270 1001 435 1087 amnium,
455 1015 665 1098 quotcunque
676 990 835 1095 suerint,
864 997 1065 1074 altitudines
1081 998 1186 1102 stmul

134 1096 305 1197 sumpte,
328 1096 475 1196 equales
497 1091 571 1197 fint
596 1095 781 1170 'altitudini
798 1096 894 1172 illius
906 1098 1054 1197 figura,
1083 1123 1185 1202 quam

139 1213 353 1294 compununt.
629 1219 632 1224 ·

246 1319 305 1394 19.
332 1297 390 1370 Ex
419 1293 473 1370 his
501 1290 635 1370 conssa't
665 1293 702 1370 in
722 1293 893 1372 methodo
912 1293 1185 1378 indivisibilium

140 1397 281 1470 nullum
301 1397 381 1471 fieri
398 1397 443 1470 od
463 1397 716 1496 heterogenea's
735 1399 957 1502 quantitates
977 1403 1185 1496 transttum,

139 1495 210 1572 hoc
240 1495 310 1589 est,
338 1493 391 1571 uti
422 1497 573 1596 exponit
603 1501 639 1568 Ρ.
659 1499 847 1602 Tacquet‚
877 1499 1058 1601 apunffis
1075 1503 1118 1576 ad
1139 1504 1186 1578 li·

140 1621 250 1690 neas,
275 1625 295 1672 a
324 1593 430 1670 lineis
456 1595 501 1669 ad
526 1595 723 1698 superficies
752 1599 843 1691 Sto,
870 1623 983 1702 neque
1003 1601 1190 1704 equalina«

143 1719 241 1789 tem,
269 1717 331 1772 aut
358 1694 628 1812 proportionem
657 1695 761 1771 lineis
792 1720 971 1800 repertam
999 1698 1188 1778 transferri

141 1797 187 1870 ad
207 1797 405 1898 superficies
425 1797 494 1870 &o
513 1801 611 1870 Nam
631 1821 676 1872 ex
698 1798 812 1899 prima
836 1795 998 1874 methodi
1028 1797 1189 1877 indivisi·

143 1897 273 1972 biliutu
308 1897 477 2000 politione
517 1897 696 1973 elementa
729 1897 906 1974 lineatum
936 1897 1015 1976 sunt
1045 1901 1186 1977 lineolae

144 1996 244 2100 eque
272 1995 375 2090 altae,
402 1997 662 2098 superficierum
690 1999 771 2074 sunt
801 1996 1068 2100 superficieculae
1089 2005 1187 2107 uque

143 2101 228 2172 altae
257 2097 349 2192 &03
366 2123 405 2173 ac
426 2097 573 2199 proinde
594 2097 693 2172 nulla
709 2099 916 2175 redunione
937 2125 1023 2200 opus
1040 2101 1111 2195 est,
1132 2103 1187 2178 uti

143 2197 373 2272 neceffatium
392 2219 496 2300 putat
515 2203 553 2272 P.
573 2200 762 2300 Tacquet,
787 2199 849 2301 qui
870 2197 914 2273 fic
938 2203 1188 2280 Cavallerium

144 2321 349 2398 oppugnat,
370 2321 409 2374 ut
425 2297 528 2399 ipsius
548 2298 700 2371 invento
718 2300 859 2392 faveat,
888 2323 952 2391 ac,
971 2297 995 2373 fi
1015 2299 1100 2402 quid
1121 2301 1187 2377 du«

142 2399 288 2474 tiusculi
310 2398 345 2472 in
366 2400 445 2500 ipsis
466 2397 612 2474 vocibus
631 2398 851 2498 praeseferat,
876 2399 1038 2473 emollire
1069 2400 1186 2493 velit,

144 2499 182 2574 δε
204 2499 343 2600 planius
365 2501 503 2594 fucere3
519 2500 571 2574 ait
592 2499 709 2572 enim:
735 2497 837 2600 Abstt
855 2503 1187 2592 tamen‚utinvemu

139 2597 361 2697 pulcherrima
387 2601 534 2672 debitam
563 2599 697 2672 laudem
725 2605 858 2697 cupiam
885 2598 1080 2674 detrahere.
1112 2603 1186 2678 Hoc

135 2699 249 2802 sollum
277 2699 370 2791 elica,
389 2699 678 2800 denaanjlratiunes
691 2721 754 2795 per
772 2699 1185 2802 heterogeneainstitutae,

145 2799 192 2874 ad
203 2798 380 2899 affensunt
408 2824 470 2872 nun
498 2823 630 2896 cogere5
655 2795 742 2898 nist,
771 2801 858 2900 quud
879 2799 964 2900 fieti
983 2801 1184 2901 plerumque

137 2902 272 3000 potest,
299 2900 343 2972 ad
371 2899 563 2996 bomugenea
588 2898 807 2974 reducantur.
842 2901 941 2992 Quid
971 2925 1090 2976 autem
1120 2901 1183 2976 fibi

144 2999 238 3073 velit
258 3000 401 3074 nomine
422 3000 521 3091 hujus
541 2998 758 3074 reduiiionis
779 2997 823 3076 ad
850 3001 1091 3102 homogenea‚
1121 3029 1184 3076 ex·

144 3097 259 3202 plicat
289 3100 356 3200 ipse
388 3103 556 3200 P1·0p·'9·
586 3098 648 3172 lib.
682 3121 713 3172 1.
739 3119 840 3199 parte
871 3124 901 3173 1.
930 3099 1116 3195 cylindric.
1146 3102 1184 3174 δε

144 3197 268 3272 annul.
288 3201 365 3299 Ego
385 3205 471 3274 vero
491 3197 533 3272 ad
554 3200 757 3298 exemplum
776 3199 972 3274 Tironibus
996 3197 1113 3274 multo
1134 3201 1185 3273 fa·

144 3297 324 3372 miliarius
349 3299 437 3375 hunc
466 3299 574 3400 ipsam
603 3297 782 3402 Tacqueti
802 3297 1046 3374 reduitlionem
1065 3299 1185 3372 tradu-

143 3421 249 3493 cam3
275 3397 311 3472 &
338 3425 382 3474 an
411 3399 553 3473 differat
579 3421 598 3472 a
627 3399 741 3499 prima
769 3399 969 3474 Cavallerii
989 3393 1185 3500 indivisibi-

144 3499 236 3575 lium
256 3497 451 3599 pontione,
471 3499 655 3574 ctariffimt
676 3521 873 3598 exponam.
