3104 4650
693 475 913 545 LIBER
962 473 1037 540 tv.

534 662 587 730 Dc
608 657 796 729 Stilionibur
817 657 983 726 Reuarum
1003 658 1212 746 grontrtriris.

666 838 1082 910 Etruturuul.

450 1027 501 1094 De
514 1025 618 1094 Lr'ner's
627 1020 718 1112 srilt'r
733 1022 765 1090 r'tr
781 1023 893 1088 ratione
909 1020 1072 1124 reciproca,
1093 1020 1174 1087 arde
1183 1023 1307 1092 Mediis

729 1112 997 1202 pmporrioualrbur
1011 1157 1020 1176 .

356 1297 430 1385 Des.
532 1297 599 1365 Uitl
630 1297 667 1366 fit
704 1294 800 1364 sellio
831 1293 987 1364 reblttruto
1023 1293 1058 1360 in
1089 1294 1217 1364 ratione
1254 1297 1397 1384 recipro-

357 1479 463 1548 Their.
487 1481 520 1548 Si
539 1411 702 1549 inclodern
717 1476 838 1546 circulo
855 1476 923 1544 rluae
939 1474 1063 1544 eborrlae
1078 1477 1142 1545 lese
1156 1408 1395 1546 mugbgleirltl:

402 1571 469 1639 rint
488 1572 521 1637 in
539 1573 654 1658 quovis
674 1568 809 1658 punilo,
836 1587 930 1638 erunt
946 1590 1053 1636 etrum
1071 1567 1233 1656 segmenta
1251 1572 1395 1656 recipro-

403 1664 440 1730 el
461 1661 727 1751 proportionalia.
1312 1667 1392 1748 396.

357 1756 468 1821 Coroll.
502 1757 526 1822 l.
551 1757 595 1823 Il·
619 1757 682 1824 III·
716 1752 804 1822 Hinc
837 1750 947 1821 orediae
983 1749 1233 1839 proportionales
1273 1752 1393 1820 inven-

405 1861 463 1912 tae.
1054 1932 1060 1946 ,
1313 1865 1392 1931 397·

359 1935 465 2002 Theoi.
489 1934 671 2002 Srcantium
691 1934 785 2002 sellio
806 1935 837 2001 in
859 1935 985 2002 rationo
1000 1955 1176 2020 reciproca.
1315 1939 1391 2023 398.

359 2027 466 2094 Theor.
490 2027 588 2094 Ratio
603 2024 746 2112 quadrati
765 2027 925 2114 tangentis
945 2025 981 2090 ad
1004 2025 1219 2112 rellangulum
1244 2027 1300 2093 lub
1321 2047 1390 2093 tota

405 2115 546 2200 secante,
572 2117 605 2185 δι
630 2117 696 2195 ejus
714 2137 801 2202 parte
819 2115 969 2184 exteriori
989 2117 1268 2200 comprehensum.
1316 2140 1388 2204 399.

361 2210 471 2276 Coroll.
496 2213 522 2277 1.
546 2212 590 2278 11.
615 2212 677 2278 ΠΙ.
702 2211 751 2276 De
775 2207 964 2296 truangulis
993 2205 1186 2290 secantium,
1213 2231 1251 2276 ac
1267 2208 1304 2278 de
1320 2229 1388 2275 tan-

406 2300 556 2388 gentibus
575 2300 614 2366 ab
633 2299 742 2368 eodem
758 2299 874 2386 puollo
888 2299 1010 2365 druis.
1313 2301 1387 2366 ibid.

361 2392 467 2460 Theoi.
493 2392 531 2458 In
551 2391 640 2460 ontni
660 2388 821 2479 triangulo
840 2389 1023 2470 reelilineo‚
1042 2386 1062 2454 st
1081 2411 1099 2456 a
1115 2390 1388 2470 verticecuiulrit

406 2482 515 2570 anguli
538 2483 729 2552 demittatur
756 2479 1021 2566 perpendicularis
1049 2479 1081 2544 in
1103 2480 1218 2564 balim,
1236 2484 1286 2549 seu
1303 2481 1388 2550 latus

406 2573 604 2658 oppofitum,
628 2571 833 2658 produllum,
861 2571 978 2658 stopus
1000 2570 1115 2653 luerit,
1138 2571 1206 2640 lraee
1226 2575 1392 2662 proportio

405 2663 624 2732 obtinebitur.

360 2753 422 2820 Utl
443 2753 517 2820 basis
534 2753 576 2822 ell
589 2755 627 2822 ad
643 2753 796 2822 lumniam
814 2753 948 2822 duorum
964 2752 1119 2835 luterum,
1140 2754 1187 2824 ita
1199 2755 1311 2824 borum
1325 2755 1394 2823 dil·

405 2843 543 2913 ferentia
572 2846 613 2914 ell
632 2847 671 2913 ad
691 2845 926 2929 differentiam,
955 2844 1006 2913 vel
1024 2845 1063 2912 td
1082 2845 1235 2914 summam
1253 2846 1392 2914 duorunt

407 2935 642 3024 segmentorum
670 2937 795 3004 baseos.
1314 2961 1393 3022 40¹·

360 3029 462 3096 Probl.
491 3029 585 3095 Datis
612 3027 732 3096 duabus
760 3026 851 3096 rrilis
871 3026 984 3112 lineis,
1012 3027 1149 3097 mediam
1168 3028 1394 3117 proportiona-

405 3115 467 3186 lem
495 3119 662 3186 invenire.
1316 3143 1393 3204 402.

360 3213 471 3368 CoIoll.
495 3210 577 3278 Tres
599 3209 709 3280 mediae
729 3207 978 3300 proportionales
998 3208 1030 3276 in
1047 3209 1210 3300 triangulo
1228 3211 1397 3299 rellaogu-

360 3325 463 3460 Poll.
488 3391 580 3459 Datis
600 3393 700 3461 tribus
720 3392 828 3482 primis
849 3391 942 3460 reuis
958 3392 1177 3482 progressionis
1192 3326 1397 3484 grometllbbl

408 3481 589 3570 linearum,
614 3483 763 3558 invenire
780 3483 915 3572 reliquas
933 3483 967 3552 in
983 3483 1169 3555 infinitum.
1319 3509 1396 3570 404.

1243 3763 1347 3836 Pto
