3104 4650
443 283 514 378 ηδ
728 282 1094 354 Mernouue

629 533 689 608 De
713 527 873 606 Merbodo
896 517 1181 630 indivtfibiliurn.

234 824 241 844 ι
389 804 449 877 ῐ4.
580 781 743 856 Ethodus
761 777 1047 854 exhaustionem.
1069 803 1132 878 per
1147 775 1371 855 continuam
1386 777 1440 852 in·

617 881 877 982 scriptionem,
918 878 955 972 de
988 876 1361 978 circumscriptionem
1401 881 1439 954 fi-

387 1009 577 1082 ignearum,
605 983 721 1057 donec
743 1003 867 1056 earum
896 979 992 1053 inter
1015 977 1049 1054 ie
1069 977 1278 1056 differentia
1300 981 1437 1068 evadet

386 1077 1438 1270 thhsshbhbhifflhbsssst‘thhflt’dzh'hb

386 1282 682 1376 indivisibilium,
702 1283 760 1358 seu
780 1207 968 1356 heihodus
987 1279 1283 1356 indivisibilium.

484 1389 517 1456 A
537 1388 790 1458 Bonaventura
809 1381 1021 1456 Cavallerio
1040 1380 1302 1456 Mediolanensi
1322 1382 1438 1454 Ordi-

183 1505 362 1568 Inventotes
384 1481 439 1557 nis
468 1483 686 1572 Jesuatorum
718 1483 884 1586 primitus
904 1479 1110 1556 introdudia
1129 1479 1179 1556 est
1199 1481 1272 1556 hoec
1291 1482 1437 1558 metho-

148 1583 303 1648 methodi.
384 1583 449 1659 dus
470 1585 506 1658 in
528 1585 685 1662 tradhatu
707 1581 858 1685 primdm
878 1581 1001 1676 edito,
1028 1607 1123 1658 anno
1146 1582 1280 1677 1635.;
1311 1580 1437 1681 postea

384 1709 405 1759 a
425 1686 646 1760 Totricellio
663 1683 840 1760 illustrata
861 1681 896 1756 in
918 1682 1085 1784 operibus
1100 1683 1171 1758 suis
1191 1707 1283 1758 anno
1319 1685 1436 1776 1644.

385 1784 515 1879 editis,
536 1787 573 1859 dt
594 1787 729 1861 rursum
749 1786 793 1859 ab
812 1784 937 1858 eodem
957 1783 1168 1858 Cnvallerio
1187 1783 1226 1858 in
1253 1781 1327 1858 alio
1360 1806 1438 1858 tra·

384 1882 484 1959 &atu
513 1886 557 1959 ab
587 1885 653 1959 illo
683 1884 808 1975 edito,
834 1907 928 1958 anno
960 1881 1070 1982 1647.
1100 1884 1244 1960 uberius
1263 1885 1435 1979 exculta,

384 1983 422 2058 &
442 2011 497 2060 am
524 1985 680 2060 lificata·
704 1985 900 2077 Gadibus,
929 2011 950 2058 n
970 1987 1069 2077 cujus
1089 1984 1206 2059 schola
1223 1985 1433 2086 prodierant

383 2110 445 2186 pat
480 2013 570 2160 idad
609 2086 728 2160 nobile
756 2090 1067 2176 Geometrarum,
1097 2085 1357 2177 Cavalletius,
1391 2087 1431 2160 δε

383 2187 644 2278 Torricellius,
675 2185 790 2262 multb
817 2208 901 2259 ante
931 2186 1033 2278 hujus
1049 2185 1209 2260 methodi
1231 2186 1359 2261 semina
1378 2183 1428 2276 je·

383 2308 481 2364 cerat
517 2287 556 2364 in
594 2287 751 2388 Dialogo
785 2287 838 2380 1.;
871 2285 932 2378 bc,
960 2286 1054 2388 quod
1085 2285 1249 2377 mirere,
1292 2287 1427 2400 primus

383 2387 544 2463 omnium
564 2388 629 2462 hac
649 2387 718 2488 ipsa
737 2385 910 2460 methodo
930 2387 1005 2462 usus
1019 2383 1092 2479 est,
1108 2385 1276 2488 suppteffo
1290 2385 1429 2458 mdivi-

382 2487 535 2562 fibilium
555 2487 723 2578 nomine,
750 2485 896 2584 Dialog.
917 2487 983 2558 111.
1009 2487 1124 2561 theor.
1143 2489 1171 2560 1.
1199 2484 1307 2560 ltaliae
1334 2511 1429 2586 ergo

382 2586 572 2677 debemus,
593 2586 759 2688 Italihue
779 2587 986 2660 Geometris
1010 2611 1142 2660 novam
1161 2586 1245 2660 hanc
1261 2589 1428 2662 Geome-

382 2686 460 2760 triae
499 2685 732 2780 methodum,
768 2711 846 2792 quae
876 2708 1064 2790 tantopere
1094 2687 1162 2762 hoc
1193 2711 1265 2760 nvo
1298 2690 1425 2764 excul-

381 2785 543 3059 tzestiy
576 2889 720 2964 Summa
748 2886 861 2964 totius
880 2886 1041 2965 methodi
1067 2887 1331 2966 Cavallerianae
1352 2889 1422 2966 hnc

380 3009 398 3060 e

478 3086 508 3159 1.
534 3085 758 3162 Contionum
788 3087 961 3261 puodvis,
991 3090 1048 3166 seu
1067 3091 1254 3192 quantitas
1273 3089 1424 3164 confide·

377 3207 481 3262 ratur
505 3213 551 3261 ex
582 3185 790 3264 indivifibili
819 3216 857 3262 us
885 3215 1035 3264 numero
1064 3191 1219 3265 infinitis
1240 3192 1422 3284 constare,

378 3285 572 3380 nimirum,
588 3311 626 3363 ut
647 3287 796 3390 exponit
809 3288 988 3366 wallisius
1000 3291 1036 3364 in
1049 3288 1211 3366 tradi-de
1223 3313 1423 3391 motu,cnp.

377 3407 440 3479 4.,
464 3413 509 3459 ex
523 3388 707 3484 particulis
723 3387 949 3486 homogeneis,
973 3389 1110 3488 infiniti
1130 3396 1290 3488 ext'guis,
1310 3418 1420 3466 neme·

377 3511 410 3562 to
428 3485 777 3586 infinitis5hocest,
829 3551 832 3556 .
919 3551 923 3558 .
1356 3569 1358 3576 Α

477 3588 588 3662 Linea
608 3589 808 3704 concipitur
824 3585 982 3663 constare
1003 3615 1050 3666 ex
1069 3589 1224 3666 infinitis
1256 3590 1418 3694 pendis,

377 3685 448 3764 five
464 3687 607 3766 lineolis
627 3689 768 3766 infinite
783 3688 946 3791 exiguis,
961 3689 1189 3790 longitudine
1205 3693 1419 3797 aequrbibtts,

545 3818 548 3824 ·
1313 3793 1372 3870 vel
