3110 4662
354 363 440 428 eet.
500 335 894 438 Instrumentorum,
932 362 1109 446 quorum
1150 336 1405 434 inGeome·

355 459 433 543 tria
473 451 647 570 praslica
689 450 778 536 usus
810 451 876 538 vel
905 455 1107 541 maximus
1137 455 1191 542 est
1224 454 1404 554 metiens

354 575 414 662 dis
443 573 624 690 angulis,
649 569 933 684 capiendisque
953 572 1201 679 intervallis,
1223 571 1402 686 descrip-

354 694 414 780 tio
468 695 508 778 8(
544 687 730 774 omnibus
769 688 946 801 exposrta
987 690 1071 796 est,
1119 694 1157 775 &
1195 691 1401 778 theoriam

354 810 482 928 ipsam
508 808 647 919 juvat,
665 805 864 920 altiusque
888 808 1026 892 animo
1058 807 1216 923 defigit.

473 931 547 1012 Hae
579 955 645 1010 me
677 926 850 1011 rationes
870 928 1081 1041 perpulere
1103 952 1147 1010 ut
1170 927 1274 1010 hanc
1297 925 1404 1008 utri·

355 1045 479 1160 usque
511 1044 752 1132 Geometriae
783 1044 981 1130 tradendo
1017 1044 1256 1131 methodum
1297 1045 1403 1126 arri-

353 1191 518 1280 perem,
564 1192 688 1276 quant
719 1190 800 1248 non
837 1164 990 1278 primus
1027 1163 1198 1266 invexi,
1237 1160 1301 1246 sed
1334 1161 1399 1249 in·

354 1285 543 1368 chortam
584 1280 722 1395 accepi
762 1282 813 1366 ab
844 1282 931 1367 aliis
962 1280 1245 1398 scriptoribus,
1286 1283 1398 1376 Ozaf

353 1431 477 1504 narn,
508 1399 698 1502 Deidier,
728 1402 905 1504 Cantus,
937 1401 953 1514 (
968 1399 1032 1486 sed
1057 1431 1140 1515 quo
1165 1402 1298 1515 plures
1324 1427 1398 1482 no·

355 1521 491 1626 mino,
530 1547 579 1604 eo
610 1519 742 1632 plures
772 1544 989 1604 occurrunt
1019 1519 1136 1634 digni
1160 1519 1231 1632 qui
1264 1518 1399 1602 nomi·

353 1635 531 1748 nentur)
566 1637 637 1748 qui
663 1635 878 1739 eamdem,
910 1665 1034 1750 quam
1052 1639 1185 1751 primo
1209 1635 1286 1719 illis
1302 1663 1398 1748 ape·

353 1780 491 1842 ruerat
516 1753 743 1858 ArnalduS,
770 1752 953 1845 semitam
985 1755 1197 1841 tradandae
1223 1757 1398 1838 Geome-

353 1875 439 1960 triae
472 1871 693 1988 introgreffi
739 1870 921 1958 solidiore
957 1873 1139 1964 artificio¹
1160 1873 1399 1977 firmarunt,

353 1997 395 2079 δι
424 1990 526 2076 mihi
555 1991 679 2076 etiarn
712 2020 783 2104 pet
818 1991 960 2078 eadem
996 1993 1161 2108 vestigia,
1194 1991 1398 2106 gradienti

352 2109 579 2226 principer,
609 2111 647 2193 &
678 2108 797 2194 duces
817 2109 1074 2194 exstiterunt.
1122 2116 1181 2194 At
1207 2108 1233 2190 st
1258 2137 1317 2194 res
1337 2108 1398 2194 ita

353 2227 394 2316 se
436 2229 584 2329 habet,
625 2227 784 2336 inquiet
818 2227 997 2336 aliquis,
1039 2249 1277 2341 occupatam
1312 2223 1400 2338 junr'

354 2343 515 2460 pridem
546 2341 799 2455 provinciam
826 2339 967 2426 srullra
1000 2343 1177 2432 invadis.
1208 2348 1310 2456 Quae
1336 2373 1397 2432 ra·

355 2463 416 2548 rio
447 2459 675 2561 srvaleret,
708 2459 842 2572 inquit
859 2462 1045 2564 Tullius,
1069 2460 1302 2572 jamdudum
1324 2463 1397 2546 ho·

354 2579 485 2668 mines
515 2577 564 2663 de
595 2578 711 2662 rebus
742 2579 1036 2692 praeclarissimis
1064 2579 1270 2666 fituiffent.
1301 2587 1394 2666 Pro·

354 2697 430 2782 stat
462 2695 689 2782 refellendis
721 2697 760 2780 id
792 2723 915 2810 genus
934 2698 1305 2812 reprehensoribus,
1325 2729 1392 2782 ex·

356 2816 604 2926 citandnque
635 2814 873 2929 scriptorum
907 2817 1101 2901 industrio
1139 2817 1389 2901 luculentum

358 2932 533 3044 ejusdem
569 2935 700 3018 Marci
732 2935 863 3018 Tullii
898 2935 1170 3022 testimonium
1203 2936 1270 3018 lib.
1295 2935 1392 3022 nde

358 3052 458 3136 Pin,
482 3055 587 3134 Num
608 3051 651 3166 si
678 3051 873 3157 dicerent,
905 3055 1061 3167 inquit,
1090 3054 1136 3136 ab
1157 3047 1237 3138 iliis
1257 3053 1394 3138 barres

358 3166 435 3287 effe
464 3171 668 3273 trailuras,
698 3203 746 3254 ne
776 3171 871 3286 ipsos
901 3172 1055 3284 quidem
1088 3178 1229 3258 Graecos
1258 3174 1391 3286 esicur

356 3315 438 3370 rum
468 3283 604 3374 mustos
634 3283 794 3405 legunt,
824 3321 939 3402 quum
968 3283 1118 3406 legendi
1129 3291 1244 3404 suut.
1275 3289 1392 3411 ,Quid

355 3405 590 3519 raimelia
623 3408 807 3522 Cryſsppo
832 3409 1123 3526 pretermissum
1154 3411 1194 3490 iu
1226 3410 1391 3492 Stoicis?

357 3524 536 3640 Legimus
551 3551 681 3608 rumen
698 3529 930 3642 Diogenem,
961 3529 1218 3640 Antipatrum
1236 3586 1250 3631 ,
1279 3531 1394 3610 Mne·

351 3641 558 3753 sarchum,
587 3646 824 3753 fannium,
853 3641 991 3732 multus
1020 3641 1143 3754 alios,
1171 3649 1213 3732 in
1238 3643 1390 3761 primis7

1261 3791 1334 3874 que
