3104 4650
384 423 390 430 ·
407 393 479 462 dem
500 393 618 480 puniln
637 393 675 460 ad
694 389 837 460 eamdem
852 387 927 458 duci
939 385 1074 478 polline.
1257 403 1330 480 pag.
1353 411 1406 475 42.

365 479 412 552 ll.
436 487 483 551 Ex
504 485 625 554 duabus
648 482 788 570 obliquis
802 479 931 570 longior
948 481 1009 566 cll,
1024 499 1099 566 quae
1115 499 1134 544 a
1153 481 1407 567 perpendiculari

411 577 511 664 magis
534 575 677 645 recedit.
1330 576 1406 642 ibid.

364 669 407 736 Et
427 669 605 756 reciprocd.
1333 667 1403 732 idid.

362 762 474 829 Caroli.
496 763 521 828 l.
550 759 604 827 Ab
631 757 742 826 eodem
772 757 891 846 pundln
911 756 950 824 ad
972 753 1115 824 eamdem
1136 751 1254 824 redlam
1274 777 1403 843 pecpen·

409 849 560 918 dicularis
579 850 672 918 unica
691 849 762 917 duci
786 849 903 936 potest.
1352 870 1404 932 44.

362 941 474 1011 Coroll.
499 945 543 1011 ll.
569 943 647 1009 Dua
667 939 940 1028 perpendiculares
963 939 1004 1006 ad
1024 936 1170 1009 eamdem
1199 935 1316 1006 redlam
1334 937 1406 1006 nus·

411 1057 506 1122 quam
523 1051 741 1101 concurrunt.
876 1076 879 1083 -
1332 1031 1405 1098 ibid.

364 1127 475 1192 Coroll.
500 1127 563 1194 Ill.
589 1126 638 1193 lV.
664 1124 744 1191 Dua
767 1121 905 1209 obliqua
928 1120 1061 1210 equales
1088 1120 1265 1191 abeodem
1291 1121 1404 1209 pundo
1512 1205 1518 1215 Ι

411 1215 511 1284 dudlre
537 1216 575 1320 ad
599 1216 741 1320 eandem
767 1215 904 1318 tellam,
930 1215 1003 1282 sunt
1020 1210 1203 1302 aqualiter
1222 1213 1405 1282 distantes-a

365 1305 751 1468 Coidllielldllliadddeiii
771 1305 957 1484 indedildcdd
981 1395 1127 1465 eamdem
1148 1397 1267 1466 ceilam
1287 1325 1405 1465 trull:

412 1511 478 1558 nea
494 1487 628 1578 aequales
643 1489 716 1558 duci
736 1489 871 1558 mininie
891 1485 1038 1577 poliunt.
1331 1487 1404 1556 ibid.

662 1667 1108 1742 Euauauruull

415 1855 472 1928 De
490 1857 586 1926 uariis
603 1853 747 1924 ullarum
762 1857 923 1925 Linearum
940 1878 1096 1944 nunquam
1110 1855 1345 1924 concurrentiam

773 1945 999 2036 affiflinnibar.

364 2131 441 2218 Des.
453 2033 610 2228 Quid
627 2129 686 2199 lint
698 2129 879 2200 Parallelae.
898 2129 1007 2198 Praxis
1021 2126 1250 2200 Parallelismi.
1276 2155 1329 2217 47.
1351 2125 1404 2212 48.
1468 2199 1471 2205 ,

311 2296 315 2305 ,
366 2225 479 2290 Corall.
505 2227 531 2292 l.
558 2226 620 2292 ΙΙΙ.
644 2221 919 2312 Perpendiculares
934 2245 1045 2306 omnes
1059 2222 1146 2290 inter
1161 2223 1262 2290 retias
1278 2221 1407 2310 paralle·
1518 2239 1522 2248 “

415 2313 459 2380 las
469 2313 784 2400 comprehenlae,lunt
797 2315 881 2382 inter
892 2314 921 2383 le
931 2313 1111 2401 aequales,&
1122 2313 1341 2400 parallela48.
1349 2334 1407 2397 49.

366 2407 476 2474 Caroll.
503 2409 546 2475 ll.
571 2407 651 2492 Quae
667 2407 721 2473 uni
739 2405 958 2492 parallelarum
974 2403 1244 2492 perpendicularis
1263 2405 1324 2486 eu,
1341 2403 1407 2470 crit
1521 2425 1526 2436 ·

413 2519 540 2584 quoque
555 2495 820 2584 perpendicularis
839 2495 933 2564 alteri
955 2493 1127 2586 parallelae.
1349 2499 1407 2580 48.

367 2589 477 2654 Carnll.
501 2589 553 2656 IV.
579 2586 801 2656 Parallelarum
824 2609 929 2675 partes
947 2585 1288 2677 aperpendicularibus
1302 2587 1410 2655 inter·

413 2698 532 2762 cepta,
556 2677 641 2746 inter
656 2677 686 2746 se
702 2678 774 2748 lunt
791 2679 945 2768 aequales.
1353 2701 1411 2766 49·

368 2770 479 2836 Caroli.
504 2771 535 2836 V.
562 2771 591 2836 A
623 2769 741 2858 pundlo
772 2793 867 2841 extra
894 2771 1013 2841 lineam
1033 2771 1109 2840 dato
1124 2771 1217 2840 unica
1235 2769 1341 2840 eidem
1358 2795 1413 2858 pa·

414 2857 523 2929 rallela
541 2861 614 2930 duci
635 2863 752 2952 patell-
1336 2863 1410 2930 ibid

369 2951 476 3019 Probi.
503 2954 589 3020 Dato
604 2973 695 3022 extra
710 2955 825 3022 tellam
842 2955 960 3042 pundlo
975 2953 1156 3044 parallelam
1176 2955 1312 3024 ducere.
1362 2975 1410 3043 50.

370 3043 472 3110 Probl.
497 3045 582 3110 Dara
612 3045 694 3113 teila
708 3045 837 3133 oblique
853 3047 1016 3119 incidente
1032 3049 1119 3115 inter
1131 3047 1208 3114 duas
1227 3045 1409 3134 parallelas,

415 3132 529 3290 duclete
543 3134 706 3224 obliquam
721 3136 855 3207 alteram
869 3137 1034 3224 aqualiter
1047 3140 1134 3208 inter
1153 3137 1238 3206 duas,
1247 3136 1410 3227 parallelas

414 3245 629 3295 uncinatam.
1383 3251 1410 3294 r.

368 3318 481 3384 Corall.
505 3321 532 3386 l.
560 3321 604 3387 ll.
630 3321 692 3389 Ill.
717 3321 823 3390 Reuae
851 3320 1015 3410 aqualiter
1044 3320 1209 3392 inclinata
1232 3323 1318 3394 inter
1335 3251 1410 3390 ddas
1513 3334 1523 3356 ⁰

416 3407 598 3494 parallelas,
624 3410 695 3480 sunt
715 3413 802 3481 iuter
820 3415 849 3481 le
867 3411 1020 3502 aequales,
1043 3415 1078 3484 dt
1095 3413 1273 3500 parallelae;
1295 3411 1409 3501 partes·

413 3522 476 3584 que
499 3525 538 3570 ex
560 3501 670 3572 iisdem
688 3502 845 3592 parallelis
862 3505 1093 3593 comprehensae
1111 3507 1198 3574 inter
1215 3506 1293 3576 duas
1307 3527 1409 3591 acqua·

421 3590 497 3660 liter
513 3593 703 3677 inclinatas,
727 3595 799 3664 lunt
816 3597 934 3684 pariter
953 3597 1038 3666 inter
1054 3597 1083 3664 le
1100 3597 1253 3684 aquales.
1281 3615 1332 3686 51.
1360 3617 1406 3683 5²·

258 3679 262 3684 ¹
361 3686 480 3756 Theoi.
504 3685 537 3752 Si
566 3682 634 3755 dua:
663 3685 755 3756 cella
777 3685 932 3778 parallelae
952 3688 987 3756 in
1007 3689 1139 3759 tertiam,
1155 3687 1327 3768 incidant,
1345 3685 1406 3766 effi·

1263 3779 1360 3854 cient
