3104 4650
483 487 924 562 Esomsnrurrvll.

222 677 274 746 Dr
286 672 420 744 Roriam
436 669 664 847 superficieer
671 717 688 830 ἶ
696 669 928 831 fratislaum
945 667 978 736 in
993 669 1171 758 Corporibus

622 789 674 832 nm
689 789 700 831 t
721 790 774 830 us.

175 948 282 1020 Theos.
348 943 491 1015 lmilium
522 945 709 1032 prismatum
737 944 927 1017 altitudines
957 945 1051 1029 sunt,
1082 963 1119 1012 ut
1152 943 1217 1014 duo

367 1036 516 1124 quaelibet
536 1035 707 1124 homologa
727 1037 842 1110 basum
860 1036 979 1106 latera
1044 1056 1116 1126 pag.
1145 1057 1217 1104 120.

174 1131 324 1200 corant
304 1126 506 1197 LSimilium
524 1129 723 1215 pyramidum
745 1127 933 1198 altitudines
946 1127 1017 1198 sunt
1030 1129 1168 1215 pariter,
1182 1145 1217 1194 ut

219 1221 283 1290 duo
299 1218 448 1307 qualibet
467 1218 636 1308 homologa
657 1219 771 1288 basum
792 1219 911 1287 latera.
1144 1241 1217 1286 ιιι.

175 1315 287 1381 Coroll
304 1315 348 1380 ll.
362 1311 452 1380 Bases
467 1310 675 1396 prismattun,
701 1311 732 1378 δι
757 1311 958 1398 pyramidum
972 1309 1123 1382 limtlrum
1145 1309 1220 1378 sunt

222 1403 255 1471 in
274 1403 399 1470 ratione
419 1402 578 1489 duplicata
597 1402 827 1471 altitudinum.
1142 1402 1218 1470 ibid.

176 1496 286 1564 Coroll.
304 1498 364 1564 Ill.
376 1493 577 1562 Altitudines
589 1495 773 1580 prismatum
786 1543 796 1578 ,
810 1492 1056 1583 &pyramidum
1066 1492 1218 1562 fimilium

226 1584 297 1653 sunt
318 1584 455 1669 direffl,
475 1604 510 1652 ut
531 1586 694 1672 perimetri
717 1585 855 1656 balium.
1142 1583 1218 1652 ibid.

178 1679 290 1747 Coroll.
307 1679 357 1745 lV.
382 1677 459 1746 Haeo
482 1678 591 1746 eadem
610 1676 784 1764 cylindris,
810 1679 845 1748 dr
865 1678 955 1748 conis
973 1675 1148 1750 convenire
1168 1676 1221 1744 de·

227 1768 460 1836 monslrantur.
1143 1767 1220 1836 ibid·

180 1859 287 1928 Theos.
311 1859 498 1944 Superficies
517 1857 663 1928 omnium
685 1859 856 1930 solidorum
875 1860 1049 1942 fimilium,
1073 1857 1221 1945 quaepla·

226 1950 277 2018 nis
294 1948 465 2018 teslilineis
484 1951 720 2034 terminantur,
741 1953 834 2035 sunt,
858 1971 893 2020 ut
908 1952 973 2022 duo
993 1947 1141 2038 quaelibet
1154 1946 1223 2036 pla·

225 2065 268 2108 na
286 2039 476 2130 homologa‚
494 2065 531 2113 ac
550 2043 682 2130 proinde
696 2043 947 2130 proportionales
964 2039 1222 2130 quadratis-duo·

226 2155 297 2202 rum
322 2131 567 2220 homologorum
589 2132 747 2200 laterum.
1147 2154 1221 2198 122.

180 2225 288 2294 There.
313 2224 433 2290 Omnia
454 2222 623 2308 priimam,
643 2220 924 2309 parallelepipeda,
946 2221 1106 2309 cylindri,
1132 2245 1223 2308 pyra·

227 2313 348 2396 mides,
371 2313 492 2382 &coni
515 2312 640 2382 suntin
670 2314 795 2386 tatione
823 2313 1005 2401 composita
1019 2311 1161 2396 balium,
1187 2313 1222 2382 δι

228 2404 466 2474 altitudinum
1046 2470 1050 2482 ,
1149 2423 1222 2488 123.

180 2498 287 2566 Theos.
313 2495 465 2564 Ptil'rnata
487 2493 599 2566 similia
623 2495 747 2566 suntin
768 2496 892 2569 tatione
914 2495 1076 2586 triplicata
1092 2495 1222 2573 suornm

227 2586 365 2655 laterum
387 2585 652 2674 homologorum.
760 2631 763 2638 ·
1149 2608 1222 2680 125.

180 2680 287 2748 Thror.
314 2676 469 2762 Polyedra
487 2676 600 2746 similia
621 2676 717 2746 sunt
708 2701 742 2744 nr
762 2681 887 2750 tatione
909 2657 1072 2768 triplicata
1090 2675 1219 2748 suorum

196 2769 362 2838 laterum
382 2767 1221 2858 homologorunt.13o.

181 2862 286 2930 Theos.
311 2859 507 2947 Sphaetarum
539 2859 717 2948 superficies
743 2859 877 2930 suntin
905 2861 1029 2930 ratione
1058 2861 1221 2948 duplicata

227 2952 351 3018 suorum
368 2950 551 3018 radiorum.
806 3025 808 3032 Α
1147 2975 1220 3038 132·

181 3044 287 3112 Tlrror.
311 3041 442 3130 Sphaerae
469 3042 540 3110 sunt
567 3043 601 3110 in
625 3043 749 3112 rarione
778 3043 940 3136 triplicata
964 3045 1091 3114 suorum
1117 3043 1222 3115 radio·

228 3157 322 3201 rum.
1019 3199 1022 3206 ,
1145 3156 1219 3222 133.

180 3225 287 3295 Tbeor.
312 3223 484 3311 Polyedra‚
507 3248 576 3313 quae
594 3225 746 3296 dicuntur
764 3228 941 3318 regularia,
966 3227 1056 3316 plura
1074 3225 1132 3296 esse
1152 3249 1219 3292 non
1337 3277 1342 3286 .

227 3313 371 3402 possunt,
396 3339 490 3404 quam
508 3319 668 3406 quinque.
1148 3341 1160 3384 ι
1168 3339 1220 3405 34

180 3409 283 3476 Probl.
311 3407 429 3476 Metiri
449 3407 663 3496 soliditatem,
682 3425 719 3481 ao'
738 3408 930 3500 superficiem
952 3412 1094 3502 quinque
1108 3427 1222 3496 eorpo-

227 3521 300 3566 rum
326 3497 546 3587 regularium.
1154 3504 1218 3588 136

181 3589 284 3660 Probi.
299 3589 501 3662 Soliditatem
521 3616 689 3683 corporum
709 3596 932 3686 irregularium
951 3595 1219 3682 metiri.137

1071 3781 1174 3856 Pna-
