3054 4662
387 313 454 384 hac
468 313 582 400 duplex
602 311 765 400 proportio
784 310 970 380 habebitur:

343 406 370 474 Ι.
395 409 456 474 Utl
483 406 664 474 differentia
686 405 821 472 duorum
850 401 984 470 laterum
1016 397 1307 491 homologorum,
1340 421 1409 492 qut

389 498 427 565 ad
448 499 524 565 duas
546 495 652 564 trunci
670 493 832 582 parallelas
852 493 935 561 bases
952 491 1112 578 spetlum,
1128 495 1182 561 est
1213 499 1256 562 ad
1292 495 1408 562 minus

389 587 495 671 larus;
520 588 565 656 ita
583 586 721 656 altitudo
736 585 843 655 trunci
863 585 904 652 ell
922 583 961 650 ad
980 581 1190 652 altitudinem
1213 587 1403 672 pyramidis

388 680 521 748 ablatas.

345 771 392 838 Il.
416 771 478 838 Utl
507 767 686 838 differentia
717 767 851 836 duorum
874 753 1009 834 lateritrn
1029 765 1318 856 homologorum,
1334 791 1399 855 qnz

388 863 427 928 ad
446 861 522 930 duas
543 861 697 948 oppositas
711 858 796 926 bales
816 859 1001 946 pertinent,
1022 857 1121 925 estad
1153 859 1265 936 maius
1291 860 1400 940 larum

389 951 437 1020 ita
468 945 606 1019 altitudo
633 950 739 1020 trunci
766 951 809 1018 ell
827 949 865 1016 ad
884 948 1088 1017 altitudinem
1102 951 1291 1036 pyramidis
1313 953 1399 1018 inte·

412 1067 469 1110 rae.
1242 1062 1320 1130 pag.
1347 1047 1397 1126 69.

345 1068 459 1202 Coioll.
485 1134 572 1204 Hinc
605 1132 791 1206 invenietur
818 1129 957 1199 altitudo
984 1130 1158 1218 pyramidis
1187 1129 1333 1214 ablatat,

344 1227 731 1386 Tbiiiimlddbsniiiiecgddd
748 1313 940 1381 obtruncato
957 1313 997 1380 ad
1011 1311 1096 1382 bases
1115 1312 1315 1402 parallelas,
1333 1245 1397 1382 ἡξει
1468 1372 1475 1383 .

390 1407 506 1494 duplex
531 1408 696 1498 proportio
715 1405 903 1474 habebitur:

344 1497 373 1563 1.
397 1499 459 1566 Utl
488 1497 670 1580 differentia
703 1495 862 1564 radiorum
893 1495 1007 1564 bafium
1037 1495 1256 1582 oppolitarum
1291 1496 1337 1565 est
1359 1495 1396 1564 ad

389 1589 548 1658 minorem
569 1591 714 1671 radium3
739 1588 783 1654 ita
804 1585 942 1656 altitudo
961 1586 1035 1654 coni
1057 1589 1203 1654 truncati
1226 1591 1274 1656 ett
1288 1590 1330 1654 ad
1350 1588 1395 1654 al·
1469 1648 1474 1657 .

390 1680 564 1749 titudinem
583 1681 657 1749 coni
672 1677 791 1749 ablati.

343 1770 390 1836 11.
415 1773 476 1841 Uti
503 1771 682 1840 differentia
711 1770 870 1838 radiorum
896 1767 1011 1836 balium
1037 1767 1256 1856 oppolirarum
1289 1771 1333 1838 ett
1356 1771 1394 1836 ad

364 1857 370 1948 Ἀ
389 1862 542 1940 majorem
565 1862 711 1942 radium;
736 1861 781 1928 ita
804 1859 942 1930 altitudo
959 1859 1035 1926 coni
1056 1861 1201 1930 truncati
1223 1863 1270 1930 est
1291 1863 1332 1930 ad
1347 1861 1394 1928 al·

390 1951 564 2022 titudinem
580 1953 654 2022 coni
669 1952 806 2040 integri.
1338 1975 1389 2038 7¹·

582 2135 764 2203 Puaxrs
792 2135 1150 2204 Gnoursrnrcu.

349 2319 451 2388 Probl·
533 2315 734 2384 Ltitudinem
760 2313 909 2400 obelisci,
935 2317 955 2385 fi
978 2336 1112 2386 truncus
1128 2341 1192 2384 non
1214 2317 1314 2399 effer,
1342 2317 1393 2384 sed

557 2407 708 2475 lateribus
731 2409 887 2476 continuo
904 2407 992 2476 fluxu
1015 2410 1047 2475 in
1065 2408 1219 2476 ultimum
1232 2408 1390 2495 pundlum

337 2509 339 2514 '
396 2499 635 2568 confluentibus
650 2499 688 2566 ad
717 2499 811 2566 inllat
839 2499 1010 2586 pyramidis
1031 2522 1235 2585 excurreret,
1259 2500 1395 2570 inveni·

394 2613 445 2657 te.
1338 2613 1395 2676 73.

346 2682 448 2749 Probl.
473 2679 598 2748 Trunci
632 2679 858 2767 pyramidalis,
885 2701 939 2749 aut
961 2681 1064 2750 conici
1085 2679 1209 2750 duobus
1231 2680 1395 2768 parallelis

395 2770 497 2858 planis
514 2819 524 2854 ,
548 2793 603 2839 aut
620 2771 748 2840 circulis
767 2774 1140 2859 interceptiloliditatenr
1152 2774 1304 2842 inuenire
1317 2821 1325 2838 .
1340 2793 1393 2860 75.

348 2863 463 2930 Coroll.
490 2862 655 2932 Dimenlio
673 2863 831 2932 doliorum
851 2863 913 2932 &o
1340 2887 1394 2950 77.

348 2955 449 3022 Probl.
473 2953 609 3044 Virgam
629 2957 829 3037 construere,
856 2955 946 3034 cujus
964 2979 1022 3041 ope
1042 2953 1125 3023 haud
1144 2955 1321 3022 difficulter
1342 2956 1393 3020 in-

393 3043 525 3111 venitur
551 3068 700 3114 numerus
730 3047 945 3114 mensurarum
974 3045 1065 3113 fluidi
1095 3045 1230 3125 alieuius
1252 3094 1264 3129 ,
1287 3065 1392 3134 puta,

347 3183 354 3192 .
393 3135 654 3218 vini,cereuisue
675 3135 1272 3222 &ninvaleeylindricocontenri.
1339 3142 1393 3224 78.

347 3227 449 3296 Prohl.
478 3228 530 3292 Au
560 3228 664 3312 praxis
690 3229 906 3296 communiter
934 3228 1078 3296 adhiberi
1110 3229 1205 3297 solita
1235 3231 1271 3295 in
1290 3229 1396 3296 dime-

395 3318 511 3422 tiendis
538 3315 616 3389 vaus
639 3317 841 3406 inaequalium
876 3319 990 3388 balium
1007 3320 1042 3388 lit
1058 3321 1161 3390 errori
1182 3319 1322 3390 lenfibili
1338 3321 1397 3388 ob·

395 3433 509 3478 noxia.

351 3501 453 3568 Probi.
480 3502 632 3574 Invenire
653 3501 844 3572 soliditatem
868 3501 963 3570 dolii.
