3110 4662
138 469 217 552 que
249 430 502 550 familiarem
543 429 707 546 nmirum
736 435 1021 554 Ptffitlonium.
1081 444 1199 570 Qid

144 559 256 642 Theo
285 553 463 667 brastm?
495 551 781 638 mediocriterne
796 553 982 665 delcetat,
1012 593 1096 647 eum
1116 594 1198 648 tre·

145 679 229 760 ttae
256 577 351 758 locos
381 671 430 755 ab
462 665 669 783 Aristotele
700 697 791 756 ante
829 679 1039 764 tranans?
1080 681 1198 806 Quis

152 793 361 908 Epicurei?
410 787 803 902 Num'defijluntde
832 794 994 905 iisdem,
1033 797 1081 883 de
1110 803 1195 912 qui.

6 931 8 1008 ἶ
155 911 220 994 bots
243 909 291 996 Θ·
319 910 366 992 ab
397 908 567 1022 Epicuro
589 909 779 1021 scriptum
809 913 892 1022 est,
931 915 981 1000 δ’
1012 916 1060 998 ab
1092 921 1194 1002 ami.

6 1011 10 1096 l
159 1031 258 1140 ptis,
297 1025 348 1110 ad
386 1026 591 1109 arbitrium
622 1025 738 1137 suum
760 1027 966 1137 scribere?
1007 1035 1132 1157 Quod
1150 1029 1193 1147 fi

157 1149 266 1232 Greci
296 1141 479 1262 leguntur
509 1175 533 1223 a
565 1146 702 1228 Grecis
732 1145 865 1257 iisdem
895 1149 943 1232 de
972 1153 1082 1237 rebus¹
1108 1145 1192 1236 alio

153 1267 293 1349 tatione
333 1259 573 1378 composttis,
613 1259 708 1374 quid
748 1265 895 1378 estete
924 1269 1038 1382 nostri
1069 1305 1093 1354 a
1126 1305 1191 1354 no·

139 1385 224 1498 stris
254 1413 333 1466 non
363 1377 580 1496 legantur?

261 1504 361 1584 Haec
403 1500 475 1582 ille
514 1494 936 1611 sapientissimemore
966 1503 1064 1591 suo.
1123 1512 1190 1592 In-

146 1620 356 1734 telligebnt
381 1618 576 1700 nimirum
598 1617 660 1706 vir
679 1617 886 1727 juvandis,
916 1623 1192 1738 augendisque

144 1737 319 1822 scientiis
349 1761 490 1836 natus,
521 1735 622 1820 nihil
654 1734 727 1820 esse
759 1763 829 1821 aut
861 1769 885 1823 a
917 1766 1085 1848 natura,
1114 1769 1188 1830 aut

143 1859 193 1940 ab
228 1881 352 1956 arte,
390 1853 560 1966 simplici
601 1855 640 1938 in
684 1883 828 1969 genere
859 1860 1027 1944 omnino
1060 1861 1154 1975 pets
1173 1913 1189 1934 ·

144 1973 280 2086 llum3
318 1972 575 2086 sapientiores
614 1966 687 2056 esse
726 1971 851 2064 solete
881 2006 965 2062 non
997 2008 1093 2063 raro.
1118 2011 1188 2094 po·

145 2093 329 2178 seriores
360 2091 651 2203 cogitationes3
686 2093 815 2176 inulta
847 2095 1026 2199 iterum,
1057 2101 1095 2180 l<
1128 2097 1148 2180 s
1173 2141 1188 2158 ·

145 2213 231 2325 pius
265 2209 541 2309 tentantibus,
569 2213 608 2292 bt
640 2210 939 2322 experientibus
956 2239 1188 2318 occurrere,

143 2359 232 2442 quoe
275 2328 406 2412 aciem
446 2329 673 2438 quamlibet
718 2353 880 2413 acutam
924 2355 1020 2414 ante
1062 2328 1188 2448 sugie»

144 2449 264 2533 bunt.
323 2445 422 2529 Non
455 2447 563 2558 quod
595 2474 684 2548 eos,
715 2447 785 2558 qui
819 2447 972 2552 noslra,
1004 2455 1189 2535 Petrum-

145 2595 225 2679 que
277 2565 475 2648 memoria
525 2565 747 2648 floruerunt
793 2570 1050 2673 Geometrae,
1100 2571 1189 2682 plus

147 2686 279 2768 multo
313 2678 449 2766 vidisse
492 2710 670 2796 negem,
710 2711 834 2794 quam
882 2711 1082 2797 quantum
1122 2715 1193 2770 no·

150 2803 316 2887 strotum
350 2801 455 2884 acies
486 2802 635 2884 intueri
668 2802 818 2914 potesl.
849 2805 924 2887 Sed
959 2805 998 2887 in
1032 2804 1190 2888 traden-

151 2921 205 3004 dis
231 2919 454 3034 disciplinis
485 2920 614 3002 multa
646 2920 760 3023 lunt,
790 2949 878 3034 quc
907 2923 990 3006 dies
1021 2924 1189 3037 retegit,

154 3041 193 3120 bt
218 3039 335 3153 longo
368 3036 600 3122 observatio
633 3064 802 3121 natum.
854 3043 944 3124 Hoc
978 3039 1129 3153 jamdiu
1165 3069 1190 3124 a

154 3155 266 3239 bonis
292 3157 552 3271 scriptoribus
582 3156 779 3240 sancitum
813 3156 965 3260 soedus,
1006 3182 1050 3243 ut
1085 3159 1190 3242 alter

151 3274 311 3358 alterius
338 3303 437 3389 opes
458 3275 672 3358 accessione
697 3275 833 3388 aliqua
850 3275 1094 3390 amplificet;
1115 3305 1188 3361 nec

154 3391 315 3479 deerunt
344 3393 604 3508 postmodum
635 3392 728 3494 alii,
758 3394 830 3506 qui
853 3395 935 3478 hcc
967 3393 1072 3506 ipsa,
1101 3423 1190 3507 quoe

6 3491 22 3596 l
153 3508 371 3614 scribimus,
406 3510 721 3613 elementa,(s1
753 3512 851 3624 quid
879 3515 1111 3597 humanitus
1130 3512 1190 3596 os·

146 3626 296 3716 sensum
318 3633 481 3731 suerit)
507 3632 676 3714 comitet
700 3631 939 3736 emendent,
968 3661 1014 3716 ac
1036 3631 1189 3715 saciant

140 3751 327 3860 meliora,
357 3747 639 3837 libentissimis
661 3750 798 3856 nobis,
828 3754 961 3865 &pto
981 3749 1190 3950 cpmmuni
1297 3857 1303 3876 ι

1029 3893 1134 3950 cien-
