3104 4650
419 305 975 414 Gaomnrurna.'¹
1056 341 1130 437 a&

514 539 821 614 Examen

437 737 596 816 Methodi
619 738 904 841 indivrfibilium.

149 939 356 1126 16.UT
373 937 525 1039 primum
536 939 671 1041 prodiit
682 937 1187 1036 Geometriaindivistbilium,

155 1098 159 1108 ,
345 1039 496 1117 offendit
536 1044 749 1116 Geometras
787 1067 859 1115 vox
886 1042 956 1142 ipsa
992 1041 1189 1118 indivisibi-

147 1139 262 1232 lium,
287 1165 326 1214 ac
356 1137 479 1216 durior
499 1139 572 1215 visa
592 1140 638 1214 ell
660 1139 731 1214 haec
751 1141 958 1240 compositio
974 1142 1147 1220 linearum
1167 1167 1188 1216 e

147 1237 313 1342 punslis‚
339 1239 599 1341 superficierum
619 1267 637 1313 e
660 1240 786 1332 lineis,
816 1241 1006 1316 solidorum
1027 1271 1045 1317 e
1074 1244 1190 1344 super·

149 1340 318 1414 ficiebus:
336 1365 461 1415 contra
481 1341 587 1442 qulm
607 1340 705 1414 omni
725 1367 801 1415 aevo
823 1340 969 1416 definita
990 1344 1105 1419 suerat
1125 1342 1191 1416 lto·

149 1465 230 1514 rum
256 1439 410 1539 genesis,
439 1439 633 1531 nimirum,
659 1441 790 1516 lineam
812 1443 973 1539 generari
998 1469 1045 1518 ex
1064 1443 1193 1534 fluxu,

151 1539 209 1614 seu
229 1561 329 1614 motu
348 1538 521 1616 continuo
544 1539 689 1642 punsli,
718 1541 934 1640 superficiem
953 1565 1056 1616 motu
1075 1541 1192 1628 conti·

151 1667 226 1714 nuo
246 1640 371 1731 linea,
402 1639 550 1716 solidum
570 1663 669 1715 motu
685 1641 858 1717 continuo
877 1642 1092 1741 superficiei.
1117 1643 1192 1715 Ita·

152 1766 222 1842 que
237 1740 309 1813 hare
326 1739 594 1814 indivisibilium
613 1740 857 1842 quantitatum
869 1740 1092 1842 hypothesis,
1112 1766 1193 1842 par-

156 1839 223 1914 tim
245 1839 407 1916 novitate
428 1867 579 1934 vocum,
599 1840 728 1942 partim
748 1840 843 1944 qudd
864 1841 969 1942 primi
982 1844 1193 1916 Inventores

156 1941 274 2014 multo
302 1941 516 2016 accurratitls
541 1941 700 2016 eamdem
729 1968 799 2015 non
829 1940 1194 2042 circumscripserint‚

157 2038 289 2130 rejecta
314 2039 362 2115 est
389 2067 409 2114 a
440 2041 621 2142 pluribus,
650 2063 689 2116 ut
717 2041 870 2142 primilm
896 2042 1073 2142 proposita
1102 2043 1197 2134 suit,

158 2167 223 2216 nec
243 2139 364 2222 desunt
385 2141 603 2234 etiamnum,
629 2141 691 2244 qui
712 2141 873 2215 fallacem
894 2141 983 2215 hanc
1004 2141 1068 2216 elle
1089 2140 1197 2239 suspi-

158 2261 308 2332 centur,
337 2241 440 2344 eique
471 2241 617 2316 minime
648 2240 826 2314 fidendum
856 2262 1064 2315 autument.
1094 2243 1196 2312 Inter

157 2341 315 2444 reliquos
349 2341 525 2416 Dominus
563 2345 619 2414 De
655 2342 691 2414 la
722 2339 894 2441 Chapelle
938 2339 975 2413 in
1014 2341 1072 2414 sua
1100 2344 1197 2412 Geo-

157 2441 294 2517 metriae
312 2441 603 2533 institutionem.
621 2463 710 2534 412.
731 2440 820 2514 hanc
837 2439 1045 2516 methodum
1056 2438 1099 2512 ad
1111 2463 1197 2511 exa-

157 2568 242 2616 men
262 2564 431 2636 revocat3
450 2543 713 2644 compluresque
734 2541 916 2634 fallacias,
943 2567 982 2614 ac
1009 2535 1199 2641 paralogis-

159 2669 236 2717 mos
256 2643 292 2716 in
312 2642 434 2715 eadem
455 2665 613 2740 retegere
634 2643 665 2715 se
687 2641 776 2740 posse
799 2663 923 2742 putat.
943 2644 1089 2733 Quare,
1109 2638 1133 2712 fi
1155 2637 1199 2712 ab

159 2741 262 2832 hujus
281 2740 542 2840 ingeniosissimi
561 2739 642 2815 Viri
664 2740 937 2816 difficultatibus
953 2739 1201 2815 Geometriam

160 2843 251 2917 hanc
271 2840 538 2916 indivisibilium
560 2840 815 2935 vindicavero,
831 2842 1000 2943 simulque
1017 2837 1201 2914 ostendero

161 2941 322 3018 eamdem
342 2939 499 3016 recidere
520 2943 557 3014 in
577 2939 761 3044 antiquam
776 2941 1045 3016 exhaustionum
1061 2940 1201 3014 metho-

161 3042 269 3134 dum;
295 3069 364 3116 non
384 3042 454 3116 erit
474 3067 536 3115 cur
553 3039 691 3140 posthac
710 3041 862 3116 timeant
877 3043 1032 3117 Tirones
1047 3041 1136 3115 hanc
1153 3039 1202 3110 se-

161 3141 313 3234 mitam,
342 3143 395 3218 uti
413 3141 619 3216 facillimam
638 3141 676 3215 in
695 3140 987 3235 demonstrando,
1007 3141 1060 3216 ita
1085 3139 1122 3214 δε
1146 3139 1204 3212 fir·

162 3241 350 3316 millimam
371 3243 484 3318 inire.

268 3364 325 3440 17.
350 3347 402 3416 On
431 3371 452 3416 a
481 3339 619 3444 oppase',
645 3341 763 3445 inquit
793 3341 887 3442 ipse,
914 3361 1122 3423 contrerette
1142 3333 1207 3414 me'·
1227 3357 1419 3434 ubjettion.

162 3437 353 3540 tbode,qv’
368 3443 396 3515 il
414 3440 493 3518 droit
516 3439 696 3542 impofflble
716 3437 773 3540 qu'
792 3468 855 3516 une
865 3441 1004 3542 suaface
1017 3439 1208 3541 sdtcompo·
1228 3443 1276 3504 De
1298 3442 1327 3502 1³
1340 3440 1418 3504 Cha-

156 3541 218 3643 se'e
245 3541 287 3615 de
314 3541 422 3637 lignes
431 3544 518 3642 sans
538 3569 662 3616 aucune
683 3542 839 3640 largeur,
866 3545 913 3620 Θ
933 3569 999 3642 que
1017 3543 1053 3616 la
1069 3537 1210 3642 soliditl
1227 3521 1330 3605 P‘H‘t

163 3638 247 3717 d'vn
277 3663 367 3739 corps
390 3641 502 3744 purffe
529 3642 669 3743 re'sulrer
695 3644 737 3718 de
753 3641 921 3744 plufiemv
934 3639 1089 3743 suefaces
1107 3642 1206 3744 miset

164 3741 215 3816 les
234 3767 315 3816 unes
325 3740 389 3844 sur
404 3741 452 3816 les
471 3762 583 3817 autres
601 3744 675 3819 &a

1110 3843 1155 3918 In
