3134 4658
450 302 522 398 382
610 303 806 374 Pnaxrs
831 299 1206 373 Geonrmrcn'

398 399 602 502 incipiendo
626 426 647 472 a
673 420 820 490 centro,
845 398 1008 488 numeri,
1034 423 1122 500 quos
1147 396 1354 498 attingent,
1379 397 1449 474 in·

398 501 591 592 dicabunt,
607 523 712 612 quam
731 498 907 573 rationem
926 497 1080 571 habeant
1099 497 1273 598 praedicta
1291 501 1448 595 figurae.

498 600 591 690 Vcl,
625 620 677 672 ita
712 599 893 700 aperiatur
917 597 1070 670 circinus
1101 598 1364 709 proportionis,
1397 620 1449 674 ut

397 700 492 776 latus
519 699 620 772 unius
648 699 764 797 figura
793 696 976 797 proposita·
991 694 1233 784 intc'tjrciatur
1252 697 1347 772 inter
1366 725 1460 790 reu-1

397 824 514 875 meros
541 797 676 872 eosdem
697 795 999 886 transversaliter‚
1026 817 1134 892 puta,
1161 797 1257 870 inter
1288 796 1362 890 5&
1390 821 1451 892 5:

399 897 629 974 intervallum
662 919 686 994 9
714 896 751 968 δι
774 919 820 991 9,
839 895 896 969 cui
917 901 1087 994 congruet
1108 895 1202 970 latus
1220 897 1370 970 aiterum
1397 899 1450 969 fi-

398 1023 492 1099 gurae
510 997 761 1094 homologurn‚
788 994 959 1068 indicabit
976 1019 1162 1068 numerum
1184 1019 1231 1092 9,
1256 993 1300 1070 ad
1325 1021 1450 1097 quem

400 1121 567 1174 numerus
598 1120 616 1189 ς
650 1093 811 1168 eamdent
840 1095 1018 1171 rationem
1050 1093 1218 1190 habebit,
1254 1121 1294 1168 ac
1319 1095 1450 1196 prima

401 1199 511 1297 figura
536 1194 580 1271 ad
606 1193 810 1276 secundant.

667 1396 1136 1474 Pnoateunlv.

405 1621 493 1696 543.
603 1597 750 1671 strictum
781 1598 1006 1693 proportionis·
1033 1598 1085 1667 itu
1111 1597 1263 1690 epam,
1298 1614 1335 1666 tu
1360 1593 1449 1670 due

507 1597 595 1786 C
624 1695 721 1770 sineae
742 1696 916 1792 planorum
943 1695 1102 1790 angulum
1127 1693 1247 1768 retium
1271 1693 1450 1793 efficiant.

406 1819 414 1826 ’·
503 1796 694 1896 Resosurio.
744 1801 855 1895 Super
884 1796 977 1869 linea
1004 1796 1210 1894 planorum,
1238 1792 1451 1893 incipiendo
1558 1827 1565 1838 ·

405 1917 590 1987 acentro,
616 1894 736 2008 accipe
757 1895 893 1969 circino
910 1896 1088 1968 communi
1120 1893 1350 1967 intervallum
1381 1919 1452 1969 cu·

405 1993 548 2086 juslibct
568 2021 707 2070 numeru
728 1997 937 2095 planorum,
966 2016 1078 2094 puta,
1105 1995 1152 2086 83
1181 1993 1246 2065 hoc
1269 1991 1361 2065 idem
1389 1993 1451 2068 in·

406 2096 599 2169 teruallurn
619 2095 818 2196 applicetur
838 2093 1004 2196 utrinque
1026 2091 1246 2172 transversim
1267 2117 1446 2184 numero,

404 2193 466 2367 ptri
487 2194 527 2268 sit
547 2193 691 2267 semissis
707 2193 958 2296 praecedentis,
985 2193 1177 2284 nimitum,
1205 2213 1232 2283 4
1252 2192 1288 2264 Bt
1309 2216 1336 2289 4
1357 2191 1447 2281 eius-

431 2319 486 2367 em
505 2293 608 2367 linea
629 2294 836 2392 planorum
862 2319 933 2396 quo
952 2291 1068 2386 sacro,
1096 2292 1171 2366 dua
1192 2292 1295 2367 lineae
1321 2293 1447 2392 plano-

404 2419 483 2468 tum
504 2391 659 2465 efficient
680 2393 715 2464 in
732 2413 858 2464 centro
873 2393 1040 2489 angulum
1060 2390 1217 2466 rectum.

504 2488 772 2566 Demonstratio
789 2490 919 2598 pendet
940 2517 987 2564 ex
1007 2517 1042 2564 n.
1065 2493 1151 2589 518.

701 2691 1145 2766 PnoutnnraV.

408 2909 496 2984 544.
613 2891 694 2964 Aris
728 2907 936 2988 quotcunque
964 2885 1093 2986 figuris
1113 2887 1230 2986 planis
1250 2886 1450 2987 fimisibus,

633 3015 689 3062 cru
721 3015 814 3062 ruere
829 2987 981 3087 figuram
1001 2985 1145 3089 fimisem
1168 2989 1319 3064 omnibus
1341 2986 1451 3089 fimus

400 3084 886 3287 sumpiiisoaesiriiiii'sfircinut
905 3187 1144 3289 proportionis
1163 3186 1217 3261 ita
1234 3186 1448 3288 aperiatur,

406 3306 446 3360 ut
473 3285 549 3361 dua
578 3288 680 3362 lineat
710 3290 896 3388 planorum
925 3288 1093 3386 angulum
1122 3287 1259 3361 reetum
1280 3311 1448 3387 compre·

405 3383 595 3479 hendant3
630 3409 707 3462 tum
741 3388 854 3462 latera
890 3386 1038 3460 duarum
1064 3388 1257 3485 figurarunt
1287 3387 1451 3461 transfer

404 3481 511 3577 hinc,
539 3507 648 3589 atquc
668 3484 750 3559 inde
771 3485 808 3559 in
827 3486 940 3560 lineas
960 3487 1170 3585 planorum:
1190 3486 1285 3559 linea
1305 3486 1349 3558 iis
1365 3485 1449 3561 sub·

405 3583 524 3676 tensa,
552 3585 607 3658 seu
636 3585 869 3660 intervallum
897 3585 993 3659 inter
1022 3585 1110 3660 duos
1129 3610 1293 3660 numeros
1313 3586 1449 3659 inven-

403 3700 504 3774 tum,
533 3683 633 3778 dabit
662 3686 754 3758 latus
782 3683 1010 3786 homologum
1028 3685 1146 3785 figutae
1165 3683 1311 3778 finitis,
1340 3683 1378 3762 &
1399 3709 1449 3758 at·

404 3781 518 3892 qualit
534 3783 659 3886 primis
678 3781 833 3866 duabus·
1326 3884 1352 3960 P

1353 3909 1392 3962 a*
